
	<record>
		<leader>02580nas a2200397 i 4500</leader>
		<controlfield tag="001">bise0000074262</controlfield>
		<controlfield tag="005">20120618        </controlfield>
		<controlfield tag="007">ta</controlfield>
		<controlfield tag="008">961107d19151924sp wr p       0uuub0spa  </controlfield>
		<datafield tag="010" ind1=" " ind2=" ">
			<subfield code="a">n</subfield>
			<subfield code="b">0</subfield>
			<subfield code="c">20100813</subfield>
			<subfield code="o">s</subfield>
		</datafield>
		<datafield tag="016" ind1="7" ind2=" ">
			<subfield code="a">biseBNE19970259398</subfield>
			<subfield code="2">SpMaBN</subfield>
			<subfield code="z">REB1996007545</subfield>
		</datafield>
		<datafield tag="022" ind1="0" ind2=" ">
			<subfield code="a">2171-2549</subfield>
			<subfield code="2">_u</subfield>
			<subfield code="y">9945-565X</subfield>
		</datafield>
		<datafield tag="035" ind1=" " ind2=" ">
			<subfield code="a">(OCoLC)733242191</subfield>
		</datafield>
		<datafield tag="040" ind1=" " ind2=" ">
			<subfield code="a">SpMaBN</subfield>
			<subfield code="b">spa</subfield>
			<subfield code="c">SIC</subfield>
			<subfield code="e">rdc</subfield>
		</datafield>
		<datafield tag="080" ind1=" " ind2="0">
			<subfield code="a">(051)</subfield>
		</datafield>
		<datafield tag="130" ind1="0" ind2="0">
			<subfield code="a">España (Madrid. 1915)</subfield>
		</datafield>
		<datafield tag="210" ind1="0" ind2=" ">
			<subfield code="a">España</subfield>
			<subfield code="b">Madr., 1915</subfield>
		</datafield>
		<datafield tag="222" ind1=" " ind2="0">
			<subfield code="a">España</subfield>
			<subfield code="b">Madrid. 1915</subfield>
		</datafield>
		<datafield tag="245" ind1="0" ind2="0">
			<subfield code="a">España</subfield>
			<subfield code="h">[Texto impreso] :</subfield>
			<subfield code="b">semanario de la vida nacional</subfield>
		</datafield>
		<datafield tag="260" ind1=" " ind2=" ">
			<subfield code="a">Madrid</subfield>
			<subfield code="b">[España]</subfield>
			<subfield code="c">1915-1924</subfield>
		</datafield>
		<datafield tag="300" ind1=" " ind2=" ">
			<subfield code="a">415 n.</subfield>
			<subfield code="b">il.</subfield>
			<subfield code="c">41 cm</subfield>
		</datafield>
		<datafield tag="310" ind1=" " ind2=" ">
			<subfield code="a">Semanal</subfield>
		</datafield>
		<datafield tag="362" ind1="0" ind2=" ">
			<subfield code="a">Año 1, n. 1 (29 en. 1915)-año 10, n. 415 (29 marzo 1924)</subfield>
		</datafield>
		<datafield tag="500" ind1=" " ind2=" ">
			<subfield code="a">Directores, José Ortega y Gasset (1915); Luis Araquistain (1916-1922); Manuel Azaña (1923-1924)</subfield>
		</datafield>
		<datafield tag="500" ind1=" " ind2=" ">
			<subfield code="a">Título tomado de la cabecera</subfield>
		</datafield>
		<datafield tag="500" ind1=" " ind2=" ">
			<subfield code="a">Variaciones en el formato</subfield>
		</datafield>
		<datafield tag="580" ind1=" " ind2="2">
			<subfield code="a">Existe reprod. facsímil: Vaduz : Topos, 1982</subfield>
		</datafield>
		<datafield tag="700" ind1="1" ind2=" ">
			<subfield code="a">Ortega y Gasset, José</subfield>
			<subfield code="d">1883-1955</subfield>
		</datafield>
		<datafield tag="700" ind1="1" ind2=" ">
			<subfield code="a">Araquistáin, Luis</subfield>
			<subfield code="d">1886-1959</subfield>
		</datafield>
		<datafield tag="700" ind1="1" ind2=" ">
			<subfield code="a">Azaña, Manuel</subfield>
			<subfield code="d">1880-1940</subfield>
		</datafield>
		<datafield tag="775" ind1="1" ind2=" ">
			<subfield code="w">biseBNE19980008783</subfield>
			<subfield code="t">España (Madrid. 1915)</subfield>
			<subfield code="x">2171-2549</subfield>
		</datafield>
		<datafield tag="856" ind1="4" ind2="1">
			<subfield code="u">http://hemerotecadigital.bne.es/issn/2171-2549</subfield>
			<subfield code="y">Hemeroteca Digital</subfield>
		</datafield>
		<datafield tag="956" ind1=" " ind2=" ">
			<subfield code="a">1 2</subfield>
		</datafield>
		<datafield tag="980" ind1=" " ind2=" ">
			<subfield code=".">022. 0 </subfield>
			<subfield code="a">2171-2549</subfield>
			<subfield code="y">9945-565X</subfield>
			<subfield code=".">852. 41</subfield>
			<subfield code="a">M-BN</subfield>
			<subfield code="b">BNALCALA</subfield>
			<subfield code="9">SE00055649</subfield>
			<subfield code="j">ZR/291</subfield>
			<subfield code="d">D/5525</subfield>
			<subfield code="x">Existe informe</subfield>
			<subfield code="x">PS </subfield>
			<subfield code="c">CONSERVACI</subfield>
			<subfield code="z">Ejemplar reproducido</subfield>
			<subfield code=".">853. 00</subfield>
			<subfield code="8">1</subfield>
			<subfield code="a">Año</subfield>
			<subfield code="b">n.</subfield>
			<subfield code="i">(año)</subfield>
			<subfield code="j">(mes)</subfield>
			<subfield code="k">(día)</subfield>
			<subfield code="w">w</subfield>
			<subfield code=".">866. 40</subfield>
			<subfield code="8">0</subfield>
			<subfield code="a">1915-1919(1920)1921(1922)1923-1924</subfield>
			<subfield code=".">863. 43</subfield>
			<subfield code="8">1.1</subfield>
			<subfield code="a">1</subfield>
			<subfield code="b">1-49</subfield>
			<subfield code="i">1915</subfield>
			<subfield code="j">01-12</subfield>
			<subfield code="z">D/5525</subfield>
			<subfield code=".">863. 43</subfield>
			<subfield code="8">1.2</subfield>
			<subfield code="a">2</subfield>
			<subfield code="b">50-75</subfield>
			<subfield code="i">1916</subfield>
			<subfield code="j">01-06</subfield>
			<subfield code="z">D/5525</subfield>
			<subfield code=".">863. 43</subfield>
			<subfield code="8">1.3</subfield>
			<subfield code="a">2</subfield>
			<subfield code="b">74-101</subfield>
			<subfield code="i">1916</subfield>
			<subfield code="j">06-12</subfield>
			<subfield code="z">D/5525</subfield>
			<subfield code=".">863. 43</subfield>
			<subfield code="8">1.4</subfield>
			<subfield code="a">3</subfield>
			<subfield code="b">102-142</subfield>
			<subfield code="i">1917</subfield>
			<subfield code="j">01-12</subfield>
			<subfield code="z">D/5525</subfield>
			<subfield code=".">863. 43</subfield>
			<subfield code="8">1.5</subfield>
			<subfield code="a">4</subfield>
			<subfield code="b">143-194</subfield>
			<subfield code="i">1918</subfield>
			<subfield code="j">01-12</subfield>
			<subfield code="z">D/5525</subfield>
			<subfield code="z">El n. 151 se conserva en un paquete aparte</subfield>
			<subfield code=".">863. 43</subfield>
			<subfield code="8">1.6</subfield>
			<subfield code="a">5</subfield>
			<subfield code="b">195-243</subfield>
			<subfield code="i">1919</subfield>
			<subfield code="j">01-12</subfield>
			<subfield code="z">D/5525</subfield>
			<subfield code=".">863. 43</subfield>
			<subfield code="8">1.7</subfield>
			<subfield code="a">6</subfield>
			<subfield code="b">244-295</subfield>
			<subfield code="i">1920</subfield>
			<subfield code="j">01-12</subfield>
			<subfield code="z">D/5525</subfield>
			<subfield code="z">Falta n.286</subfield>
			<subfield code=".">863. 43</subfield>
			<subfield code="8">1.8</subfield>
			<subfield code="a">7-8</subfield>
			<subfield code="b">296-350</subfield>
			<subfield code="i">1921-1922</subfield>
			<subfield code="j">01-12</subfield>
			<subfield code="z">D/5525</subfield>
			<subfield code="z">Falta n.311-312,320,324,337(1922)</subfield>
			<subfield code=".">863. 43</subfield>
			<subfield code="8">1.9</subfield>
			<subfield code="a">9-10</subfield>
			<subfield code="b">351-415</subfield>
			<subfield code="i">1923-1924</subfield>
			<subfield code="j">01-03</subfield>
			<subfield code="z">D/5525</subfield>
		</datafield>
		<datafield tag="980" ind1=" " ind2=" ">
			<subfield code=".">843.   </subfield>
			<subfield code="3">1915-1919(1920)1921(1922)1923-1924</subfield>
			<subfield code="a">Microfilme</subfield>
			<subfield code="b">Madrid</subfield>
			<subfield code="c">BACKUP </subfield>
			<subfield code="d">2002</subfield>
			<subfield code="e">6 carretes de microfilme (3524 fotogramas); 35 mm</subfield>
			<subfield code=".">852. 41</subfield>
			<subfield code="a">M-BN</subfield>
			<subfield code="b">BNALCALA</subfield>
			<subfield code="j">AHSMmicro/1653&lt;1&gt;-AHSMmicro/1653&lt;6&gt;</subfield>
			<subfield code="x">AH</subfield>
			<subfield code="c">CONSERVACI </subfield>
			<subfield code="z">Reproducción de ZR/291</subfield>
		</datafield>
		<datafield tag="980" ind1=" " ind2=" ">
			<subfield code=".">843.   </subfield>
			<subfield code="3">1915-1919(1920)1921(1922)1923-1924</subfield>
			<subfield code="a">Microfilme</subfield>
			<subfield code="b">Madrid</subfield>
			<subfield code="c">BACKUP </subfield>
			<subfield code="d">2002</subfield>
			<subfield code="e">6 carretes de microfilme (3524 fotogramas); 35 mm</subfield>
			<subfield code=".">852. 41</subfield>
			<subfield code="a">SpMaBN</subfield>
			<subfield code="b">PS</subfield>
			<subfield code="c">SALA_SPR</subfield>
			<subfield code="j">REVmicro/1619&lt;1&gt;-REVmicro/1619&lt;6&gt; </subfield>
			<subfield code="z">Reproducción de ZR/291</subfield>
		</datafield>
	</record>