
	<record>
		<leader>01095nam a2200217 b 4500</leader>
		<controlfield tag="001">bimo0001643644</controlfield>
		<controlfield tag="005">20140227        </controlfield>
		<controlfield tag="008">891106s1882    sp                  spa d</controlfield>
		<datafield tag="016" ind1="7" ind2=" ">
			<subfield code="a">bimoBNE20010122061</subfield>
			<subfield code="z">BNPAB00010056</subfield>
			<subfield code="2">SpMaBN</subfield>
		</datafield>
		<datafield tag="035" ind1=" " ind2=" ">
			<subfield code="a">(OCoLC)433653756</subfield>
		</datafield>
		<datafield tag="040" ind1=" " ind2=" ">
			<subfield code="a">SpMaBN</subfield>
			<subfield code="b">spa</subfield>
			<subfield code="c">PAB</subfield>
		</datafield>
		<datafield tag="100" ind1="1" ind2=" ">
			<subfield code="a">Arderius, Francisco</subfield>
			<subfield code="d">1836-1886</subfield>
		</datafield>
		<datafield tag="245" ind1="1" ind2="3">
			<subfield code="a">La ópera española y la zarzuela</subfield>
			<subfield code="h">[Texto impreso] :</subfield>
			<subfield code="b">breves consideraciones sobre el arte lírico-dramático hechas por un antiguo bufo hoy empresario de zarzuela séria</subfield>
			<subfield code="c">Francisco Arderius</subfield>
		</datafield>
		<datafield tag="260" ind1=" " ind2=" ">
			<subfield code="a">Madrid</subfield>
			<subfield code="b">[s.n.]</subfield>
			<subfield code="c">1882</subfield>
			<subfield code="f">Estab. Tip. de M.P. Montoya y Cía.</subfield>
		</datafield>
		<datafield tag="300" ind1=" " ind2=" ">
			<subfield code="a">23 p.</subfield>
			<subfield code="c">23 cm</subfield>
		</datafield>
		<datafield tag="856" ind1="4" ind2="1">
			<subfield code="u">http://bdh-rd.bne.es/viewer.vm?id=0000061423&amp;page=1</subfield>
			<subfield code="y">Biblioteca Digital Hispánica</subfield>
		</datafield>
		<datafield tag="956" ind1=" " ind2=" ">
			<subfield code="a">1</subfield>
		</datafield>
		<datafield tag="980" ind1=" " ind2=" ">
			<subfield code=".">541.   </subfield>
			<subfield code="c">Adquirido a</subfield>
			<subfield code="a">Fernando Rico Barrios,</subfield>
			<subfield code="d">1990</subfield>
			<subfield code=".">561.   </subfield>
			<subfield code="a">Colección Guelbenzu</subfield>
			<subfield code=".">852. 40</subfield>
			<subfield code="a">SpMaBN</subfield>
			<subfield code="b">BNMADRID</subfield>
			<subfield code="c">SALA_BARBI</subfield>
			<subfield code="j">M.GUELBENZU/1588</subfield>
			<subfield code="q">Ejemplar deteriorado</subfield>
		</datafield>
		<datafield tag="980" ind1=" " ind2=" ">
			<subfield code=".">563.   </subfield>
			<subfield code="a">Enc. hol.</subfield>
			<subfield code=".">852. 40</subfield>
			<subfield code="a">M-BN</subfield>
			<subfield code="b">BNMADRID</subfield>
			<subfield code="j">T/17224</subfield>
			<subfield code="u">Ex-libris de Pascual de Gayangos</subfield>
			<subfield code="x">FA </subfield>
			<subfield code="c">SALA_CERV</subfield>
		</datafield>
		<datafield tag="899" ind1=" " ind2=" ">
			<subfield code="j">M.GUELBENZU/1588</subfield>
		</datafield>
		<datafield tag="899" ind1=" " ind2=" ">
			<subfield code="j">M.Guelbenzu/1588</subfield>
		</datafield>
	</record>