
	<record>
		<leader>01461nkm a2200289 b 4500</leader>
		<controlfield tag="001">binp0000259925</controlfield>
		<controlfield tag="005">20140224        </controlfield>
		<controlfield tag="007">kk*co </controlfield>
		<controlfield tag="008">020129q1877                      k      </controlfield>
		<datafield tag="015" ind1=" " ind2=" ">
			<subfield code="a">CP102</subfield>
		</datafield>
		<datafield tag="016" ind1="7" ind2=" ">
			<subfield code="a">binpBNE20020013914</subfield>
			<subfield code="2">SpMaBN</subfield>
		</datafield>
		<datafield tag="035" ind1=" " ind2=" ">
			<subfield code="a">(OCoLC)434693491</subfield>
		</datafield>
		<datafield tag="040" ind1=" " ind2=" ">
			<subfield code="a">SpMaBN</subfield>
			<subfield code="b">spa</subfield>
			<subfield code="c">SpMaBN</subfield>
			<subfield code="e">rdc</subfield>
		</datafield>
		<datafield tag="110" ind1="1" ind2="0">
			<subfield code="a">Teatro del Príncipe Alfonso</subfield>
		</datafield>
		<datafield tag="245" ind1="1" ind2="0">
			<subfield code="a">Temporatti de mile ochocienti setenta y siete [sic]</subfield>
			<subfield code="h">[Material gráfico]</subfield>
			<subfield code="c">Teatro y Circo del Príncipe Alfonso</subfield>
		</datafield>
		<datafield tag="260" ind1=" " ind2=" ">
			<subfield code="a">[Madrid</subfield>
			<subfield code="b">Teatro del Príncipe Alfonso</subfield>
			<subfield code="c">1877]</subfield>
			<subfield code="e">Madrid</subfield>
			<subfield code="f">Imp. Española, calle de Argensola (Barquillo)</subfield>
			<subfield code="g">1874</subfield>
		</datafield>
		<datafield tag="300" ind1=" " ind2=" ">
			<subfield code="a">1 cartel (3 hojas)</subfield>
			<subfield code="b">tipografía (texto)</subfield>
			<subfield code="c">253 x 62 cm</subfield>
		</datafield>
		<datafield tag="500" ind1=" " ind2=" ">
			<subfield code="a">Texto del cartel: &quot;Teatro y circo / del Príncipe Alfonso / Compañia Arderius / Temporatti de mile ochocienti sesenta y siete / (son subenzione.) / El infatigabile directore Francesco Arderius, primo buffi spagnolo ...&quot;</subfield>
		</datafield>
		<datafield tag="510" ind1="4" ind2=" ">
			<subfield code="a">Memoria de la seducción : carteles del siglo XIX en la Biblioteca Nacional</subfield>
			<subfield code="c">p. 166, 345, n. 102</subfield>
		</datafield>
		<datafield tag="600" ind1="1" ind2="7">
			<subfield code="a">Arderius, Francisco</subfield>
			<subfield code="d">1836-1886</subfield>
			<subfield code="2">embne</subfield>
		</datafield>
		<datafield tag="650" ind1=" " ind2="7">
			<subfield code="a">Teatro</subfield>
			<subfield code="z">Madrid</subfield>
			<subfield code="y">S.XIX</subfield>
			<subfield code="2">embne</subfield>
		</datafield>
		<datafield tag="653" ind1="1" ind2=" ">
			<subfield code="a">Teatro</subfield>
		</datafield>
		<datafield tag="655" ind1=" " ind2="7">
			<subfield code="a">Carteles</subfield>
			<subfield code="z">España</subfield>
			<subfield code="y">S.XX</subfield>
			<subfield code="2">tgfbne</subfield>
		</datafield>
		<datafield tag="856" ind1="4" ind2="1">
			<subfield code="u">http://bdh-rd.bne.es/viewer.vm?id=0000018534</subfield>
			<subfield code="y">Biblioteca Digital Hispánica</subfield>
		</datafield>
		<datafield tag="956" ind1=" " ind2=" ">
			<subfield code="a">1</subfield>
		</datafield>
		<datafield tag="980" ind1=" " ind2=" ">
			<subfield code=".">583.   </subfield>
			<subfield code="a">Restauración</subfield>
			<subfield code="c">2002</subfield>
			<subfield code=".">852. 40</subfield>
			<subfield code="a">M-BN</subfield>
			<subfield code="b">BNMADRID</subfield>
			<subfield code="j">Cart.P/41</subfield>
			<subfield code="u">Anot. ms.: &quot;C. el 8 de Marzo de 1887&quot;</subfield>
			<subfield code="x">BA </subfield>
			<subfield code="c">SALA_GOYA</subfield>
		</datafield>
		<datafield tag="899" ind1=" " ind2=" ">
			<subfield code="j">Cart.p/41</subfield>
			<subfield code="x">digcar1dig</subfield>
		</datafield>
	</record>