
	<record>
		<leader>01118nam a22002531i 4500</leader>
		<controlfield tag="001">bimo0001082438</controlfield>
		<controlfield tag="005">20140326        </controlfield>
		<controlfield tag="008">920725s1903    sp                  spa  </controlfield>
		<datafield tag="016" ind1="7" ind2=" ">
			<subfield code="a">bimoBNE19983316340</subfield>
			<subfield code="z">IND9200490511</subfield>
			<subfield code="2">SpMaBN</subfield>
		</datafield>
		<datafield tag="035" ind1=" " ind2=" ">
			<subfield code="a">(OCoLC)432423602</subfield>
		</datafield>
		<datafield tag="040" ind1=" " ind2=" ">
			<subfield code="a">SpMaBN</subfield>
			<subfield code="b">spa</subfield>
			<subfield code="c">A2</subfield>
		</datafield>
		<datafield tag="080" ind1=" " ind2=" ">
			<subfield code="x">78</subfield>
		</datafield>
		<datafield tag="100" ind1="1" ind2=" ">
			<subfield code="a">Larra, Luis de</subfield>
			<subfield code="d">1862-1914</subfield>
		</datafield>
		<datafield tag="245" ind1="1" ind2="3">
			<subfield code="a">La coleta del maestro</subfield>
			<subfield code="h">[Texto impreso]</subfield>
			<subfield code="b"> : zarzuela en un acto, dividido en tres cuadros, en prosa</subfield>
			<subfield code="c">original de Luis de Larra, M.R. Blanco-Belmonte y Julio Pellicer ; música del maestro Guillermo Cereceda</subfield>
		</datafield>
		<datafield tag="260" ind1=" " ind2=" ">
			<subfield code="a">Madrid</subfield>
			<subfield code="b">Sociedad de Autores Españoles</subfield>
			<subfield code="c">1903</subfield>
		</datafield>
		<datafield tag="300" ind1=" " ind2=" ">
			<subfield code="a">36 p., [1] h. de lám.</subfield>
			<subfield code="c">21 cm</subfield>
		</datafield>
		<datafield tag="700" ind1="1" ind2=" ">
			<subfield code="a">Blanco-Belmonte, Marcos Rafael</subfield>
		</datafield>
		<datafield tag="700" ind1="1" ind2=" ">
			<subfield code="a">Pellicer y López, Julio</subfield>
		</datafield>
		<datafield tag="700" ind1="1" ind2=" ">
			<subfield code="a">Cereceda, Guillermo</subfield>
			<subfield code="d">1844-1919</subfield>
		</datafield>
		<datafield tag="856" ind1="4" ind2="1">
			<subfield code="u">http://bdh-rd.bne.es/viewer.vm?id=0000118063&amp;page=1</subfield>
			<subfield code="y">Biblioteca Digital Hispánica</subfield>
		</datafield>
		<datafield tag="956" ind1=" " ind2=" ">
			<subfield code="a">1</subfield>
		</datafield>
		<datafield tag="980" ind1=" " ind2=" ">
			<subfield code=".">852. 40</subfield>
			<subfield code="a">M-BN</subfield>
			<subfield code="b">BNMADRID</subfield>
			<subfield code="9">MO01175491</subfield>
			<subfield code="j">M.Foll/76/9</subfield>
			<subfield code="x">MU</subfield>
			<subfield code="c">SALA_BARBI</subfield>
			<subfield code="x">L022372</subfield>
		</datafield>
		<datafield tag="980" ind1=" " ind2=" ">
			<subfield code=".">563.   </subfield>
			<subfield code="a">Hol.</subfield>
			<subfield code=".">852. 40</subfield>
			<subfield code="a">M-BN</subfield>
			<subfield code="b">BNMADRID</subfield>
			<subfield code="9">MO00003165</subfield>
			<subfield code="j">T/15925</subfield>
			<subfield code="x">FA</subfield>
			<subfield code="c">SALA_CERV</subfield>
			<subfield code="x">L022371</subfield>
		</datafield>
		<datafield tag="899" ind1=" " ind2=" ">
			<subfield code="j">M.FOLL/76/9</subfield>
		</datafield>
	</record>