
	<record>
		<leader>01369cim a22003615  4500</leader>
		<controlfield tag="001">a4556465</controlfield>
		<controlfield tag="005">20140226        </controlfield>
		<controlfield tag="007">se*umsznniwhua</controlfield>
		<controlfield tag="007">sd*fsngnnimned</controlfield>
		<controlfield tag="007">cr*nn||||a|cda</controlfield>
		<controlfield tag="008">090626q19uu    sp nnn         p|   spa  </controlfield>
		<datafield tag="035" ind1=" " ind2=" ">
			<subfield code="a">(OCoLC)740326791</subfield>
		</datafield>
		<datafield tag="040" ind1=" " ind2=" ">
			<subfield code="a">SpMaBN</subfield>
			<subfield code="b">spa</subfield>
			<subfield code="c">SpMaBN</subfield>
			<subfield code="e">rdc</subfield>
		</datafield>
		<datafield tag="084" ind1=" " ind2=" ">
			<subfield code="a">12.1</subfield>
			<subfield code="2">MU</subfield>
		</datafield>
		<datafield tag="100" ind1="1" ind2=" ">
			<subfield code="a">Blanco-Belmonte, Marcos Rafael</subfield>
		</datafield>
		<datafield tag="245" ind1="1" ind2="0">
			<subfield code="a">¡Patria--!</subfield>
			<subfield code="h">[Grabación sonora]</subfield>
		</datafield>
		<datafield tag="260" ind1=" " ind2=" ">
			<subfield code="a">[Madrid] (Calle del Prado, 29)</subfield>
			<subfield code="b">[s.n.</subfield>
			<subfield code="c">19--?]</subfield>
		</datafield>
		<datafield tag="300" ind1=" " ind2=" ">
			<subfield code="a">1 cilindro (2 min, 30 seg.)</subfield>
			<subfield code="c">5,4 x 10,7 cm</subfield>
		</datafield>
		<datafield tag="500" ind1=" " ind2=" ">
			<subfield code="a">Duración tomada de la copia digital proporcionada por el anterior propietario</subfield>
		</datafield>
		<datafield tag="500" ind1=" " ind2=" ">
			<subfield code="a">“10-4” -- en el envase</subfield>
		</datafield>
		<datafield tag="500" ind1=" " ind2=" ">
			<subfield code="a">“A. Vázquez y Cía. Málaga” -- etiqueta en el envase</subfield>
		</datafield>
		<datafield tag="500" ind1=" " ind2=" ">
			<subfield code="a">Nivel parcial de catalogación</subfield>
		</datafield>
		<datafield tag="511" ind1="0" ind2=" ">
			<subfield code="a">Blanco-Belmonte</subfield>
		</datafield>
		<datafield tag="533" ind1=" " ind2=" ">
			<subfield code="a">Copia digital</subfield>
			<subfield code="d">1995</subfield>
			<subfield code="e">Corte 1 de 1 disco : digital, estéreo ; 12 cm</subfield>
		</datafield>
		<datafield tag="541" ind1=" " ind2=" ">
			<subfield code="c">Comprado a</subfield>
			<subfield code="a">Mariano Gómez Montejano;</subfield>
			<subfield code="b">Madrid;</subfield>
			<subfield code="d">2008</subfield>
		</datafield>
		<datafield tag="594" ind1=" " ind2=" ">
			<subfield code="a">Título tomado de la etiqueta del envase</subfield>
		</datafield>
		<datafield tag="597" ind1=" " ind2=" ">
			<subfield code="a">Cera marrón</subfield>
		</datafield>
		<datafield tag="600" ind1="1" ind2="7">
			<subfield code="a">Blanco-Belmonte, Marcos Rafael</subfield>
			<subfield code="x">Archivo de la palabra</subfield>
			<subfield code="2">embne</subfield>
		</datafield>
		<datafield tag="650" ind1=" " ind2="7">
			<subfield code="a">Poesías españolas</subfield>
			<subfield code="y">S.XX</subfield>
			<subfield code="2">embne</subfield>
		</datafield>
		<datafield tag="653" ind1=" " ind2=" ">
			<subfield code="a">Archivo de la palabra</subfield>
		</datafield>
		<datafield tag="856" ind1="4" ind2="1">
			<subfield code="u">http://bdh.bne.es/bnesearch/detalle/bdh0000046448</subfield>
			<subfield code="y">Biblioteca Digital Hispánica</subfield>
		</datafield>
		<datafield tag="956" ind1=" " ind2=" ">
			<subfield code="a">1</subfield>
		</datafield>
		<datafield tag="899" ind1=" " ind2=" ">
			<subfield code="j">CL/197</subfield>
			<subfield code="x">dig78dig</subfield>
		</datafield>
	</record>