
	<record>
		<leader>01359nam a2200313   4500</leader>
		<controlfield tag="001">bimo0001250495</controlfield>
		<controlfield tag="005">20140226        </controlfield>
		<controlfield tag="008">950725s1920    sp     | |||| 000 0 spa  </controlfield>
		<datafield tag="016" ind1="7" ind2=" ">
			<subfield code="a">bimoBNE19995043989</subfield>
			<subfield code="z">IND9500656180</subfield>
			<subfield code="2">SpMaBN</subfield>
		</datafield>
		<datafield tag="035" ind1=" " ind2=" ">
			<subfield code="a">(OCoLC)644428673</subfield>
		</datafield>
		<datafield tag="040" ind1=" " ind2=" ">
			<subfield code="a">SpMaBN</subfield>
			<subfield code="b">spa</subfield>
			<subfield code="c">A2</subfield>
			<subfield code="d">SpMaBN</subfield>
		</datafield>
		<datafield tag="080" ind1=" " ind2=" ">
			<subfield code="a">(861)</subfield>
		</datafield>
		<datafield tag="080" ind1=" " ind2=" ">
			<subfield code="a">94(728.7)&quot;1826&quot;</subfield>
		</datafield>
		<datafield tag="080" ind1=" " ind2=" ">
			<subfield code="a">94(861/87)&quot;1819/30&quot;</subfield>
		</datafield>
		<datafield tag="080" ind1=" " ind2=" ">
			<subfield code="a">94(861)&quot;1822/32&quot;</subfield>
		</datafield>
		<datafield tag="100" ind1="1" ind2=" ">
			<subfield code="a">O'Leary, Daniel Florencio</subfield>
			<subfield code="d">1800-1854</subfield>
		</datafield>
		<datafield tag="245" ind1="1" ind2="3">
			<subfield code="a">El Congreso Internacional de Panamá en 1826</subfield>
			<subfield code="h">[Texto impreso] :</subfield>
			<subfield code="b">desgobierno y anarquía en la Gran Colombia</subfield>
			<subfield code="c">Daniel Florencio O'Leary ; notas de R. Blanco-Fombona</subfield>
		</datafield>
		<datafield tag="260" ind1=" " ind2=" ">
			<subfield code="a">Madrid</subfield>
			<subfield code="b">Editorial-América</subfield>
			<subfield code="c">1920</subfield>
		</datafield>
		<datafield tag="300" ind1=" " ind2=" ">
			<subfield code="a">240 p.</subfield>
			<subfield code="c">19 cm</subfield>
		</datafield>
		<datafield tag="490" ind1="0" ind2=" ">
			<subfield code="a">Biblioteca de la juventud hispano-americana</subfield>
		</datafield>
		<datafield tag="611" ind1=" " ind2="7">
			<subfield code="a">Congreso de Panamá</subfield>
			<subfield code="d">1826</subfield>
			<subfield code="2">embne</subfield>
		</datafield>
		<datafield tag="651" ind1=" " ind2="7">
			<subfield code="a">Gran Colombia</subfield>
			<subfield code="x">Historia</subfield>
			<subfield code="2">embne</subfield>
		</datafield>
		<datafield tag="651" ind1=" " ind2="7">
			<subfield code="a">Colombia</subfield>
			<subfield code="x">Historia</subfield>
			<subfield code="y">1822-1832</subfield>
			<subfield code="2">embne</subfield>
		</datafield>
		<datafield tag="700" ind1="1" ind2=" ">
			<subfield code="a">Blanco Fombona, Rufino</subfield>
			<subfield code="d">1874-1944</subfield>
		</datafield>
		<datafield tag="856" ind1="4" ind2="1">
			<subfield code="u">http://bdh-rd.bne.es/viewer.vm?id=0000083418&amp;page=1</subfield>
			<subfield code="y">Biblioteca Digital Hispánica</subfield>
		</datafield>
		<datafield tag="956" ind1=" " ind2=" ">
			<subfield code="a">1</subfield>
		</datafield>
		<datafield tag="980" ind1=" " ind2=" ">
			<subfield code=".">561.   </subfield>
			<subfield code="a">Fondo de la antigua sección de Hispanoamérica</subfield>
			<subfield code=".">563.   </subfield>
			<subfield code="a">Holandesa, conservando la cubierta original</subfield>
			<subfield code=".">583.   </subfield>
			<subfield code="l">Papel ácido</subfield>
			<subfield code=".">852. 40</subfield>
			<subfield code="a">M-BN</subfield>
			<subfield code="b">BNMADRID</subfield>
			<subfield code="9">MO00566060</subfield>
			<subfield code="j">HA/47849</subfield>
			<subfield code="x">O009322</subfield>
			<subfield code="c">SG_RECOLET</subfield>
		</datafield>
		<datafield tag="899" ind1=" " ind2=" ">
			<subfield code="j">HA/47849</subfield>
			<subfield code="x">DIG HA2</subfield>
		</datafield>
		<datafield tag="899" ind1=" " ind2=" ">
			<subfield code="x">dig94(7/8)dig</subfield>
		</datafield>
	</record>