
	<record>
		<leader>01835nam a2200373 i 4500</leader>
		<controlfield tag="001">bimo0001440905</controlfield>
		<controlfield tag="005">20140227        </controlfield>
		<controlfield tag="008">981210s1916    sp     | |||| 000 0bspa  </controlfield>
		<datafield tag="016" ind1="7" ind2=" ">
			<subfield code="a">bimoBNE20000201003</subfield>
			<subfield code="z">IND9800833088</subfield>
			<subfield code="2">SpMaBN</subfield>
		</datafield>
		<datafield tag="035" ind1=" " ind2=" ">
			<subfield code="a">(OCoLC)760601473</subfield>
		</datafield>
		<datafield tag="040" ind1=" " ind2=" ">
			<subfield code="a">SpMaBN</subfield>
			<subfield code="b">spa</subfield>
			<subfield code="c">CDM</subfield>
			<subfield code="d">SpMaBN</subfield>
		</datafield>
		<datafield tag="080" ind1=" " ind2=" ">
			<subfield code="a">(861)</subfield>
		</datafield>
		<datafield tag="080" ind1=" " ind2=" ">
			<subfield code="a">(87)</subfield>
		</datafield>
		<datafield tag="080" ind1=" " ind2=" ">
			<subfield code="a">929 Morillo, Pablo</subfield>
		</datafield>
		<datafield tag="080" ind1=" " ind2=" ">
			<subfield code="a">929 Sevilla, Rafael</subfield>
		</datafield>
		<datafield tag="080" ind1=" " ind2=" ">
			<subfield code="a">94(861)&quot;1810/22&quot;(093.3)</subfield>
		</datafield>
		<datafield tag="080" ind1=" " ind2=" ">
			<subfield code="a">94(87)&quot;1810/23&quot;(093.3)</subfield>
		</datafield>
		<datafield tag="100" ind1="1" ind2=" ">
			<subfield code="a">Sevilla, Rafael</subfield>
			<subfield code="d">m. 1856</subfield>
		</datafield>
		<datafield tag="245" ind1="1" ind2="0">
			<subfield code="a">Memorias de un oficial del Ejército Español</subfield>
			<subfield code="h">[Texto impreso] :</subfield>
			<subfield code="b">campañas contra Bolívar y los separatistas de América</subfield>
			<subfield code="c">Capitán Rafael Sevilla ; apreciación de la obra por Rufino Blanco-Fombona</subfield>
		</datafield>
		<datafield tag="260" ind1=" " ind2=" ">
			<subfield code="a">Madrid</subfield>
			<subfield code="b">Ed. América</subfield>
			<subfield code="c">[1916?]</subfield>
		</datafield>
		<datafield tag="300" ind1=" " ind2=" ">
			<subfield code="a">309 p.</subfield>
			<subfield code="c">23 cm</subfield>
		</datafield>
		<datafield tag="490" ind1="0" ind2=" ">
			<subfield code="a">Biblioteca Ayacucho</subfield>
			<subfield code="v">5</subfield>
		</datafield>
		<datafield tag="596" ind1=" " ind2=" ">
			<subfield code="a">Fecha tomada de Palau</subfield>
		</datafield>
		<datafield tag="600" ind1="1" ind2="7">
			<subfield code="a">Sevilla, Rafael</subfield>
			<subfield code="d">m. 1856</subfield>
			<subfield code="2">embne</subfield>
		</datafield>
		<datafield tag="600" ind1="1" ind2="7">
			<subfield code="a">Morillo, Pablo</subfield>
			<subfield code="d">1778-1837</subfield>
			<subfield code="2">embne</subfield>
		</datafield>
		<datafield tag="651" ind1=" " ind2="7">
			<subfield code="a">Venezuela</subfield>
			<subfield code="x">Historia</subfield>
			<subfield code="y">1810-1823 (Guerra de la Independencia)</subfield>
			<subfield code="v">Relatos personales</subfield>
			<subfield code="2">embne</subfield>
		</datafield>
		<datafield tag="651" ind1=" " ind2="7">
			<subfield code="a">Colombia</subfield>
			<subfield code="x">Historia</subfield>
			<subfield code="y">1810-1822 (Guerra de la Independencia)</subfield>
			<subfield code="v">Relatos personales</subfield>
			<subfield code="2">embne</subfield>
		</datafield>
		<datafield tag="700" ind1="1" ind2=" ">
			<subfield code="a">Blanco Fombona, Rufino</subfield>
			<subfield code="d">1874-1944</subfield>
		</datafield>
		<datafield tag="856" ind1="4" ind2="1">
			<subfield code="u">http://bdh-rd.bne.es/viewer.vm?id=0000109616&amp;page=1</subfield>
			<subfield code="y">Biblioteca Digital Hispánica</subfield>
		</datafield>
		<datafield tag="956" ind1=" " ind2=" ">
			<subfield code="a">1</subfield>
		</datafield>
		<datafield tag="980" ind1=" " ind2=" ">
			<subfield code=".">561.   </subfield>
			<subfield code="a">Colección Comín Colomer</subfield>
			<subfield code=".">563.   </subfield>
			<subfield code="a">Holandesa</subfield>
			<subfield code=".">583.   </subfield>
			<subfield code="l">Papel ácido</subfield>
			<subfield code="l">Hojas rotas</subfield>
			<subfield code=".">852. 40</subfield>
			<subfield code="a">M-BN</subfield>
			<subfield code="b">BNMADRID</subfield>
			<subfield code="9">MO00666996</subfield>
			<subfield code="j">3/92110</subfield>
			<subfield code="z">Sello: “Legado Comín” </subfield>
			<subfield code="x">S096013</subfield>
			<subfield code="c">SG_RECOLET</subfield>
		</datafield>
		<datafield tag="980" ind1=" " ind2=" ">
			<subfield code=".">561.   </subfield>
			<subfield code="a">Fondo de la antigua sección de Hispanoamérica</subfield>
			<subfield code=".">563.   </subfield>
			<subfield code="a">Pasta, conservando la cubierta original</subfield>
			<subfield code=".">583.   </subfield>
			<subfield code="l">Papel ácido</subfield>
			<subfield code="l">Hojas sueltas</subfield>
			<subfield code=".">852. 40</subfield>
			<subfield code="a">M-BN</subfield>
			<subfield code="b">BNMADRID</subfield>
			<subfield code="9">MO00051486</subfield>
			<subfield code="j">HA/76493</subfield>
			<subfield code="d">HAi/652</subfield>
			<subfield code="c">SG_RECOLET</subfield>
		</datafield>
		<datafield tag="899" ind1=" " ind2=" ">
			<subfield code="j">HA/76493</subfield>
			<subfield code="x">DIG HA2</subfield>
		</datafield>
		<datafield tag="899" ind1=" " ind2=" ">
			<subfield code="x">dig94(7/8)dig</subfield>
		</datafield>
	</record>