
	<record>
		<leader>01199nam a2200253 i 4500</leader>
		<controlfield tag="001">bimo0000602731</controlfield>
		<controlfield tag="005">20140226        </controlfield>
		<controlfield tag="008">900725s1908    fr a   | |||| 000 j spa  </controlfield>
		<datafield tag="016" ind1="7" ind2=" ">
			<subfield code="a">bimoBNE19970814429</subfield>
			<subfield code="z">IND9100090283</subfield>
			<subfield code="2">SpMaBN</subfield>
		</datafield>
		<datafield tag="035" ind1=" " ind2=" ">
			<subfield code="a">(OCoLC)776447070</subfield>
		</datafield>
		<datafield tag="040" ind1=" " ind2=" ">
			<subfield code="a">SpMaBN</subfield>
			<subfield code="b">spa</subfield>
			<subfield code="c">A2</subfield>
			<subfield code="d">SpMaBN</subfield>
		</datafield>
		<datafield tag="080" ind1=" " ind2=" ">
			<subfield code="a">(729.1)</subfield>
		</datafield>
		<datafield tag="080" ind1=" " ind2=" ">
			<subfield code="a">821.134.2(729.1)-4&quot;18&quot;</subfield>
		</datafield>
		<datafield tag="100" ind1="1" ind2=" ">
			<subfield code="a">Bobadilla, Emilio</subfield>
			<subfield code="d">1868-1921</subfield>
		</datafield>
		<datafield tag="245" ind1="1" ind2="0">
			<subfield code="a">Muecas</subfield>
			<subfield code="h">[Texto impreso] :</subfield>
			<subfield code="b">crítica y sátira</subfield>
			<subfield code="c">Emilio Bobadilla (Fray Candil)</subfield>
		</datafield>
		<datafield tag="260" ind1=" " ind2=" ">
			<subfield code="a">Paris</subfield>
			<subfield code="b">Sociedad de Ed. Literarias y Artísticas</subfield>
			<subfield code="c">1908</subfield>
		</datafield>
		<datafield tag="300" ind1=" " ind2=" ">
			<subfield code="a">VIII, 280 p.</subfield>
			<subfield code="b">1 retr.</subfield>
			<subfield code="c">20 cm</subfield>
		</datafield>
		<datafield tag="856" ind1="4" ind2="1">
			<subfield code="u">http://bdh-rd.bne.es/viewer.vm?id=0000123113&amp;page=1</subfield>
			<subfield code="y">Biblioteca Digital Hispánica</subfield>
		</datafield>
		<datafield tag="956" ind1=" " ind2=" ">
			<subfield code="a">1</subfield>
		</datafield>
		<datafield tag="980" ind1=" " ind2=" ">
			<subfield code=".">563.   </subfield>
			<subfield code="a">Pasta</subfield>
			<subfield code=".">583.   </subfield>
			<subfield code="l">Papel ácido</subfield>
			<subfield code="l">Hojas sueltas</subfield>
			<subfield code=".">852. 40</subfield>
			<subfield code="a">M-BN</subfield>
			<subfield code="b">BNMADRID</subfield>
			<subfield code="9">MO00021068</subfield>
			<subfield code="j">1/40541</subfield>
			<subfield code="x">B246386</subfield>
			<subfield code="c">SG_RECOLET</subfield>
		</datafield>
		<datafield tag="980" ind1=" " ind2=" ">
			<subfield code=".">563.   </subfield>
			<subfield code="a">Rustica</subfield>
			<subfield code=".">583.   </subfield>
			<subfield code="l">Papel ácido</subfield>
			<subfield code="l">Cubierta suelta</subfield>
			<subfield code=".">852. 40</subfield>
			<subfield code="a">M-BN</subfield>
			<subfield code="b">BNMADRID</subfield>
			<subfield code="j">7/441</subfield>
			<subfield code="z">Firma ilegible</subfield>
			<subfield code="x">B246388</subfield>
			<subfield code="c">SG_RECOLET</subfield>
		</datafield>
		<datafield tag="980" ind1=" " ind2=" ">
			<subfield code=".">563.   </subfield>
			<subfield code="a">Holandesa, conservando la cubierta original</subfield>
			<subfield code=".">852. 40</subfield>
			<subfield code="a">M-BN</subfield>
			<subfield code="b">BNMADRID</subfield>
			<subfield code="9">MO00095127</subfield>
			<subfield code="j">7/18588</subfield>
			<subfield code="z">Etiqueta: &quot;A/22/246&quot;</subfield>
			<subfield code="x">B246387 </subfield>
			<subfield code="c">SG_RECOLET</subfield>
		</datafield>
		<datafield tag="899" ind1=" " ind2=" ">
			<subfield code="j">7/441</subfield>
			<subfield code="x">DIG HA2</subfield>
		</datafield>
		<datafield tag="899" ind1=" " ind2=" ">
			<subfield code="x">dig821(7/8)dig</subfield>
		</datafield>
	</record>