
	<record>
		<leader>01306nam a2200265 i 4500</leader>
		<controlfield tag="001">bimo0000602738</controlfield>
		<controlfield tag="005">20140226        </controlfield>
		<controlfield tag="008">900725s1902    sp     | |||| 000 p spa  </controlfield>
		<datafield tag="016" ind1="7" ind2=" ">
			<subfield code="a">bimoBNE19970814496</subfield>
			<subfield code="z">IND9100090290</subfield>
			<subfield code="2">SpMaBN</subfield>
		</datafield>
		<datafield tag="035" ind1=" " ind2=" ">
			<subfield code="a">(OCoLC)651358848</subfield>
		</datafield>
		<datafield tag="040" ind1=" " ind2=" ">
			<subfield code="a">SpMaBN</subfield>
			<subfield code="b">spa</subfield>
			<subfield code="c">A2</subfield>
			<subfield code="d">SpMaBN</subfield>
		</datafield>
		<datafield tag="080" ind1=" " ind2=" ">
			<subfield code="a">(729.1)</subfield>
		</datafield>
		<datafield tag="080" ind1=" " ind2=" ">
			<subfield code="a">821.134.2(729.1)-14&quot;18&quot;</subfield>
		</datafield>
		<datafield tag="100" ind1="1" ind2=" ">
			<subfield code="a">Bobadilla, Emilio</subfield>
			<subfield code="d">1868-1921</subfield>
		</datafield>
		<datafield tag="245" ind1="1" ind2="0">
			<subfield code="a">Vórtice</subfield>
			<subfield code="h">[Texto impreso] :</subfield>
			<subfield code="b">poesías</subfield>
			<subfield code="c">Emilio Bobadilla (Fray Candil) ; carta-prólogo de José María de Heredia</subfield>
		</datafield>
		<datafield tag="250" ind1=" " ind2=" ">
			<subfield code="a">2ª ed.</subfield>
		</datafield>
		<datafield tag="260" ind1=" " ind2=" ">
			<subfield code="a">Madrid</subfield>
			<subfield code="b">Librería General de Victoriano Suárez</subfield>
			<subfield code="c">1902</subfield>
		</datafield>
		<datafield tag="300" ind1=" " ind2=" ">
			<subfield code="a">XII, 301 p.</subfield>
			<subfield code="b">1 retr.</subfield>
			<subfield code="c">18 cm</subfield>
		</datafield>
		<datafield tag="856" ind1="4" ind2="1">
			<subfield code="u">http://bdh-rd.bne.es/viewer.vm?id=0000105121&amp;page=1</subfield>
			<subfield code="y">Biblioteca Digital Hispánica</subfield>
		</datafield>
		<datafield tag="956" ind1=" " ind2=" ">
			<subfield code="a">1</subfield>
		</datafield>
		<datafield tag="980" ind1=" " ind2=" ">
			<subfield code=".">563.   </subfield>
			<subfield code="a">Holandesa, conservando la cubierta original</subfield>
			<subfield code=".">583.   </subfield>
			<subfield code="l">Papel ácido</subfield>
			<subfield code=".">852. 40</subfield>
			<subfield code="a">SpMaBN</subfield>
			<subfield code="b">BNMADRID</subfield>
			<subfield code="9">MO00095080</subfield>
			<subfield code="j">7/79696</subfield>
			<subfield code="z">Etiqueta: &quot;A 16 161&quot; </subfield>
			<subfield code="z">Dedicatoria del autor</subfield>
			<subfield code="c">SG_RECOLET</subfield>
		</datafield>
		<datafield tag="980" ind1=" " ind2=" ">
			<subfield code=".">563.   </subfield>
			<subfield code="a">Pasta, conservando la cubierta original</subfield>
			<subfield code=".">583.   </subfield>
			<subfield code="l">Papel ácido</subfield>
			<subfield code=".">852. 40</subfield>
			<subfield code="a">SpMaBN</subfield>
			<subfield code="b">BNMADRID</subfield>
			<subfield code="j">1/16400</subfield>
			<subfield code="c">SG_RECOLET</subfield>
		</datafield>
		<datafield tag="980" ind1=" " ind2=" ">
			<subfield code=".">563.   </subfield>
			<subfield code="a">Holandesa, conservando la cubierta original</subfield>
			<subfield code=".">583.   </subfield>
			<subfield code="l">Papel ácido</subfield>
			<subfield code=".">852. 40</subfield>
			<subfield code="a">M-BN</subfield>
			<subfield code="b">BNMADRID</subfield>
			<subfield code="j">1/20605</subfield>
			<subfield code="x">B246408</subfield>
			<subfield code="c">SG_RECOLET</subfield>
		</datafield>
		<datafield tag="899" ind1=" " ind2=" ">
			<subfield code="j"/>
			<subfield code="7">/79696</subfield>
			<subfield code="x">DIG HA2</subfield>
		</datafield>
		<datafield tag="899" ind1=" " ind2=" ">
			<subfield code="x">dig821(7/8)dig</subfield>
		</datafield>
	</record>