
	<record>
		<leader>01438nam a2200277 b 4500</leader>
		<controlfield tag="001">Mimo0001652353</controlfield>
		<controlfield tag="005">20140227        </controlfield>
		<controlfield tag="007">ta</controlfield>
		<controlfield tag="008">920120s1893    sp                  spa  </controlfield>
		<datafield tag="016" ind1="7" ind2=" ">
			<subfield code="a">bimoBNE20010214782</subfield>
			<subfield code="z">BNPAB00135575</subfield>
			<subfield code="2">SpMaBN</subfield>
		</datafield>
		<datafield tag="035" ind1=" " ind2=" ">
			<subfield code="a">(OCoLC)733622784</subfield>
		</datafield>
		<datafield tag="040" ind1=" " ind2=" ">
			<subfield code="a">SpMaBN</subfield>
			<subfield code="b">spa</subfield>
			<subfield code="c">PAB</subfield>
		</datafield>
		<datafield tag="080" ind1=" " ind2=" ">
			<subfield code="a">78</subfield>
		</datafield>
		<datafield tag="100" ind1="1" ind2=" ">
			<subfield code="a">Bobadilla, Emilio</subfield>
			<subfield code="d">1868-1921</subfield>
		</datafield>
		<datafield tag="245" ind1="1" ind2="0">
			<subfield code="a">Solfeo</subfield>
			<subfield code="h">[Texto impreso] :</subfield>
			<subfield code="b">critica y sátira</subfield>
			<subfield code="c">Fray Candil (Emilio Bobadilla) ; con un prólogo de U. González Serrano</subfield>
		</datafield>
		<datafield tag="260" ind1=" " ind2=" ">
			<subfield code="a">Madrid</subfield>
			<subfield code="b">Imprenta y fundición de Manuel Tello</subfield>
			<subfield code="c">1893</subfield>
		</datafield>
		<datafield tag="300" ind1=" " ind2=" ">
			<subfield code="a">XXII, 286 p.</subfield>
			<subfield code="c">19 cm</subfield>
		</datafield>
		<datafield tag="650" ind1=" " ind2="7">
			<subfield code="a">Sátira española</subfield>
			<subfield code="y">S.XIX</subfield>
			<subfield code="2">embne</subfield>
		</datafield>
		<datafield tag="700" ind1="1" ind2=" ">
			<subfield code="a">González Serrano, U.</subfield>
			<subfield code="d">1848-1904</subfield>
		</datafield>
		<datafield tag="856" ind1="4" ind2="1">
			<subfield code="u">http://bdh-rd.bne.es/viewer.vm?id=0000047415&amp;page=1</subfield>
			<subfield code="y">Biblioteca Digital Hispánica</subfield>
		</datafield>
		<datafield tag="956" ind1=" " ind2=" ">
			<subfield code="a">1 2</subfield>
		</datafield>
		<datafield tag="980" ind1=" " ind2=" ">
			<subfield code=".">563.   </subfield>
			<subfield code="a">Enc. pasta</subfield>
			<subfield code=".">852. 40</subfield>
			<subfield code="a">M-BN</subfield>
			<subfield code="b">BNMADRID</subfield>
			<subfield code="j">2/32037</subfield>
			<subfield code="z">Con autógrafo del autor</subfield>
			<subfield code="x">DG</subfield>
			<subfield code="c">SG_RECOLET</subfield>
		</datafield>
		<datafield tag="980" ind1=" " ind2=" ">
			<subfield code=".">563.   </subfield>
			<subfield code="a">Enc. hol.</subfield>
			<subfield code=".">852. 40</subfield>
			<subfield code="a">M-BN</subfield>
			<subfield code="b">BNMADRID</subfield>
			<subfield code="j">2/86601</subfield>
			<subfield code="x">DG</subfield>
			<subfield code="c">SG_RECOLET</subfield>
		</datafield>
		<datafield tag="980" ind1=" " ind2=" ">
			<subfield code=".">852. 40</subfield>
			<subfield code="a">M-BN</subfield>
			<subfield code="b">BNALCALA</subfield>
			<subfield code="9">MO04431738</subfield>
			<subfield code="j">AHM/757314</subfield>
			<subfield code="v">Etiqueta con an.:&quot;223 24&quot;</subfield>
			<subfield code="x">AH </subfield>
			<subfield code="c">SALA_ALC</subfield>
		</datafield>
		<datafield tag="980" ind1=" " ind2=" ">
			<subfield code=".">563.   </subfield>
			<subfield code="a">Enc. pasta española; lomo con hierros dorados y tejuelo rojo de piel</subfield>
			<subfield code=".">852. 40</subfield>
			<subfield code="a">M-BN</subfield>
			<subfield code="b">BNMADRID</subfield>
			<subfield code="c">SALA_BARBI</subfield>
			<subfield code="j">M/10367</subfield>
			<subfield code="d">2/52605</subfield>
			<subfield code="z">Dedicatoria ms.: &quot;Al íntegro crítico y excelente escritor D. Francisco Pi y Margall, París, abril 1897&quot;</subfield>
			<subfield code="z">Sello: &quot;Francisco Pi y Margall, abogado, Madrid&quot;</subfield>
		</datafield>
		<datafield tag="899" ind1=" " ind2=" ">
			<subfield code="j">M/10367</subfield>
			<subfield code="x">dig78dig</subfield>
		</datafield>
	</record>