
	<record>
		<leader>01217cas a2200337 i 4500</leader>
		<controlfield tag="001">a4279310</controlfield>
		<controlfield tag="005">20120615        </controlfield>
		<controlfield tag="007">ta</controlfield>
		<controlfield tag="008">080611d19151916sp sr p       0   b0spa  </controlfield>
		<datafield tag="010" ind1=" " ind2=" ">
			<subfield code="a">n</subfield>
			<subfield code="b">0</subfield>
			<subfield code="c">20090415</subfield>
			<subfield code="o">s</subfield>
		</datafield>
		<datafield tag="022" ind1="0" ind2=" ">
			<subfield code="a">1888-8240</subfield>
			<subfield code="2">_u</subfield>
		</datafield>
		<datafield tag="035" ind1=" " ind2=" ">
			<subfield code="a">(OCoLC)436446988</subfield>
		</datafield>
		<datafield tag="040" ind1=" " ind2=" ">
			<subfield code="a">SpMaBN</subfield>
			<subfield code="b">spa</subfield>
			<subfield code="c">SpMaBN</subfield>
			<subfield code="e">rdc</subfield>
		</datafield>
		<datafield tag="080" ind1=" " ind2=" ">
			<subfield code="a">008</subfield>
		</datafield>
		<datafield tag="130" ind1="0" ind2=" ">
			<subfield code="a">Summa (Madrid. 1915)</subfield>
		</datafield>
		<datafield tag="210" ind1="0" ind2=" ">
			<subfield code="a">Summa</subfield>
			<subfield code="b">Madr.</subfield>
		</datafield>
		<datafield tag="222" ind1=" " ind2="0">
			<subfield code="a">Summa</subfield>
			<subfield code="b">Madrid</subfield>
		</datafield>
		<datafield tag="245" ind1="0" ind2="0">
			<subfield code="a">Summa</subfield>
			<subfield code="b">: [revista selecta ilustrada : quincenal]</subfield>
		</datafield>
		<datafield tag="260" ind1=" " ind2=" ">
			<subfield code="a">Madrid</subfield>
			<subfield code="b">Summa</subfield>
			<subfield code="c">1915-1916</subfield>
		</datafield>
		<datafield tag="300" ind1=" " ind2=" ">
			<subfield code="a">15 n.</subfield>
		</datafield>
		<datafield tag="310" ind1=" " ind2=" ">
			<subfield code="a">Quincenal</subfield>
		</datafield>
		<datafield tag="362" ind1="0" ind2=" ">
			<subfield code="a">Año 1, n. 1 (15 oct. 1915)-año 2, n. 15 (15 mayo 1916)</subfield>
		</datafield>
		<datafield tag="500" ind1=" " ind2=" ">
			<subfield code="a">Director: Salvador Martínez Cuenca</subfield>
		</datafield>
		<datafield tag="500" ind1=" " ind2=" ">
			<subfield code="a">Redactor-jefe: Bernardo G. de Candamo</subfield>
		</datafield>
		<datafield tag="594" ind1=" " ind2=" ">
			<subfield code="a">Tít. tomado de la cub.</subfield>
		</datafield>
		<datafield tag="650" ind1=" " ind2="7">
			<subfield code="a">Cultura</subfield>
			<subfield code="2">embne</subfield>
		</datafield>
		<datafield tag="700" ind1="1" ind2=" ">
			<subfield code="a">Martínez Cuenca, Salvador</subfield>
		</datafield>
		<datafield tag="700" ind1="1" ind2=" ">
			<subfield code="a">Candamo, Bernardo G. de</subfield>
			<subfield code="d">1881-1967</subfield>
		</datafield>
		<datafield tag="856" ind1="4" ind2="1">
			<subfield code="u">http://hemerotecadigital.bne.es/issn/1888-8240</subfield>
			<subfield code="y">Hemeroteca Digital</subfield>
		</datafield>
		<datafield tag="956" ind1=" " ind2=" ">
			<subfield code="a">2</subfield>
		</datafield>
		<datafield tag="980" ind1=" " ind2=" ">
			<subfield code=".">541.   </subfield>
			<subfield code="c">Compra a la Librería Anticuaria de José Manuel Valdés</subfield>
			<subfield code="b">Oviedo </subfield>
			<subfield code="d">,con nota interior del 29 mayo 2008</subfield>
			<subfield code=".">852. 41</subfield>
			<subfield code="a">M-BN</subfield>
			<subfield code="b">AH</subfield>
			<subfield code="j">ZR/811</subfield>
			<subfield code="q">Colección en muy mal estado</subfield>
			<subfield code="c">CONSERVACI</subfield>
			<subfield code=".">866. 40</subfield>
			<subfield code="8">0</subfield>
			<subfield code="a">1915-1916</subfield>
		</datafield>
	</record>