
	<record>
		<leader>01126cam a2200277 c 4500</leader>
		<controlfield tag="001">bimo0001242509</controlfield>
		<controlfield tag="005">20140528        </controlfield>
		<controlfield tag="008">940725s1912    sp            000 f spa  </controlfield>
		<datafield tag="016" ind1="7" ind2=" ">
			<subfield code="a">bimoBNE19994960638</subfield>
			<subfield code="z">IND9400645247</subfield>
			<subfield code="2">SpMaBN</subfield>
		</datafield>
		<datafield tag="035" ind1=" " ind2=" ">
			<subfield code="a">(OCoLC)432698111</subfield>
		</datafield>
		<datafield tag="040" ind1=" " ind2=" ">
			<subfield code="a">SpMaBN</subfield>
			<subfield code="b">spa</subfield>
			<subfield code="c">A2</subfield>
			<subfield code="d">SpMaBN</subfield>
		</datafield>
		<datafield tag="041" ind1=" " ind2=" ">
			<subfield code="a">spa</subfield>
			<subfield code="h">ger</subfield>
		</datafield>
		<datafield tag="080" ind1=" " ind2=" ">
			<subfield code="a">821.112.2-31&quot;18&quot;</subfield>
		</datafield>
		<datafield tag="080" ind1=" " ind2=" ">
			<subfield code="a">821.112.2</subfield>
			<subfield code="2">summary</subfield>
		</datafield>
		<datafield tag="100" ind1="1" ind2=" ">
			<subfield code="a">Nordau, Max</subfield>
			<subfield code="d">1849-1923</subfield>
		</datafield>
		<datafield tag="245" ind1="1" ind2="3">
			<subfield code="a">El día de la ira :</subfield>
			<subfield code="b">novela</subfield>
			<subfield code="c">Max Nordau ; versión castellana de R. Cansinos Assens</subfield>
		</datafield>
		<datafield tag="260" ind1=" " ind2=" ">
			<subfield code="a">Madrid</subfield>
			<subfield code="b">V. H. de Sanz Calleja</subfield>
			<subfield code="c">[1912?]</subfield>
		</datafield>
		<datafield tag="300" ind1=" " ind2=" ">
			<subfield code="a">2 v. (220, 221 p.)</subfield>
			<subfield code="c">18 cm</subfield>
		</datafield>
		<datafield tag="336" ind1=" " ind2=" ">
			<subfield code="a">Texto (visual)</subfield>
			<subfield code="2">isbdcontent</subfield>
		</datafield>
		<datafield tag="337" ind1=" " ind2=" ">
			<subfield code="a">sin mediación</subfield>
			<subfield code="2">isbdmedia</subfield>
		</datafield>
		<datafield tag="700" ind1="1" ind2=" ">
			<subfield code="a">Cansinos Asséns, Rafael</subfield>
			<subfield code="d">1883-1964</subfield>
		</datafield>
		<datafield tag="856" ind1="4" ind2="1">
			<subfield code="u">http://bdh-rd.bne.es/viewer.vm?id=0000137108&amp;page=1</subfield>
			<subfield code="y">Biblioteca Digital Hispánica</subfield>
		</datafield>
		<datafield tag="956" ind1=" " ind2=" ">
			<subfield code="a">1</subfield>
		</datafield>
		<datafield tag="980" ind1=" " ind2=" ">
			<subfield code=".">563.   </subfield>
			<subfield code="a">Holandesa, conservando la original</subfield>
			<subfield code=".">852. 40</subfield>
			<subfield code="a">SpMaBN</subfield>
			<subfield code="b">BNMADRID</subfield>
			<subfield code="9">MO00064179</subfield>
			<subfield code="j">1/83060-1/83061</subfield>
			<subfield code="x">N027306</subfield>
			<subfield code="c">SG_RECOLET</subfield>
			<subfield code=".">853. 22</subfield>
			<subfield code="8">1</subfield>
			<subfield code="a">v.</subfield>
			<subfield code=".">863. 43</subfield>
			<subfield code="8">1.1</subfield>
			<subfield code="a">1</subfield>
			<subfield code=".">863. 43</subfield>
			<subfield code="8">1.2</subfield>
			<subfield code="a">2</subfield>
			<subfield code=".">866. 40</subfield>
			<subfield code="8">0</subfield>
			<subfield code="a">2 v.</subfield>
		</datafield>
		<datafield tag="899" ind1=" " ind2=" ">
			<subfield code="j">1/83060 V. 1</subfield>
			<subfield code="x">DIGUNICODIG</subfield>
		</datafield>
		<datafield tag="899" ind1=" " ind2=" ">
			<subfield code="j">1/83061 V. 2</subfield>
		</datafield>
	</record>