
	<record>
		<leader>01263ckm a22003253i 4500</leader>
		<controlfield tag="001">a4807023</controlfield>
		<controlfield tag="005">20140530        </controlfield>
		<controlfield tag="007">kg*bz </controlfield>
		<controlfield tag="008">100519m19251930sp o          |||0knspas a</controlfield>
		<datafield tag="035" ind1=" " ind2=" ">
			<subfield code="a">(OCoLC)776441904</subfield>
		</datafield>
		<datafield tag="040" ind1=" " ind2=" ">
			<subfield code="a">SpMaBN</subfield>
			<subfield code="b">spa</subfield>
			<subfield code="c">SpMaBN</subfield>
			<subfield code="e">rdc</subfield>
		</datafield>
		<datafield tag="100" ind1=" " ind2=" ">
			<subfield code="a">Lagos</subfield>
			<subfield code="d">1897-1995</subfield>
		</datafield>
		<datafield tag="245" ind1="1" ind2="0">
			<subfield code="a">Andrés Carranque de Ríos</subfield>
			<subfield code="h">[Material gráfico]</subfield>
		</datafield>
		<datafield tag="260" ind1=" " ind2=" ">
			<subfield code="c">ca. 1925-1930</subfield>
		</datafield>
		<datafield tag="300" ind1=" " ind2=" ">
			<subfield code="a">1 negativo fotográfico</subfield>
			<subfield code="b">nitrato de celulosa</subfield>
			<subfield code="c">174x125 mm</subfield>
		</datafield>
		<datafield tag="490" ind1="1" ind2=" ">
			<subfield code="a">[Colección Lagos. Fotografía]</subfield>
		</datafield>
		<datafield tag="500" ind1=" " ind2=" ">
			<subfield code="a">Manuscrito rasgado en el negativo: &quot;19&quot;</subfield>
		</datafield>
		<datafield tag="594" ind1=" " ind2=" ">
			<subfield code="a">Firma en el negativo: “Lagos”</subfield>
		</datafield>
		<datafield tag="597" ind1=" " ind2=" ">
			<subfield code="a">Formato adscrito: 13x18</subfield>
		</datafield>
		<datafield tag="597" ind1=" " ind2=" ">
			<subfield code="a">En el borde superior muesca: vv</subfield>
		</datafield>
		<datafield tag="600" ind1="1" ind2="7">
			<subfield code="a">Carranque de Ríos, Andrés</subfield>
			<subfield code="d">1902-1936</subfield>
			<subfield code="2">embne</subfield>
		</datafield>
		<datafield tag="650" ind1=" " ind2="7">
			<subfield code="a">Escritores españoles</subfield>
			<subfield code="y">S.XX</subfield>
			<subfield code="x">Retratos</subfield>
			<subfield code="2">embne</subfield>
		</datafield>
		<datafield tag="655" ind1=" " ind2="7">
			<subfield code="a">Retratos fotográficos</subfield>
			<subfield code="2">tgfbne</subfield>
		</datafield>
		<datafield tag="655" ind1=" " ind2="7">
			<subfield code="a">Negativos de nitrato</subfield>
			<subfield code="2">tgfbne</subfield>
		</datafield>
		<datafield tag="830" ind1=" " ind2="0">
			<subfield code="a">Fondo Lagos</subfield>
			<subfield code="p">Fotografías</subfield>
		</datafield>
		<datafield tag="856" ind1="4" ind2="1">
			<subfield code="u">http://bdh-rd.bne.es/viewer.vm?id=0000136614</subfield>
			<subfield code="y">Biblioteca Digital Hispánica</subfield>
		</datafield>
		<datafield tag="956" ind1=" " ind2=" ">
			<subfield code="a">1</subfield>
		</datafield>
		<datafield tag="980" ind1=" " ind2=" ">
			<subfield code=".">852. 40</subfield>
			<subfield code="a">SpMaBN</subfield>
			<subfield code="b">BNMADRID</subfield>
			<subfield code="j">LAGOS/102/005</subfield>
			<subfield code="c">SALA_GOYA</subfield>
			<subfield code="q">Nitrato degradado, mancha puntual</subfield>
			<subfield code=".">541.   </subfield>
			<subfield code="c">Compra a</subfield>
			<subfield code="a">Mariano Lagos Carsi</subfield>
			<subfield code="d">1992</subfield>
		</datafield>
		<datafield tag="899" ind1=" " ind2=" ">
			<subfield code="j">LAGOS/102/005</subfield>
			<subfield code="x">dig77ddig</subfield>
		</datafield>
		<datafield tag="899" ind1=" " ind2=" ">
			<subfield code="j">LAGOS/102/005</subfield>
			<subfield code="x">dig Lagos</subfield>
		</datafield>
	</record>