
	<record>
		<leader>01665cam a2200301 c 4500</leader>
		<controlfield tag="001">bimo0000626924</controlfield>
		<controlfield tag="005">20140528        </controlfield>
		<controlfield tag="008">900725s1941    sp a          000 0 spa  </controlfield>
		<datafield tag="016" ind1="7" ind2=" ">
			<subfield code="a">bimoBNE19971062391</subfield>
			<subfield code="z">IND9100111809</subfield>
			<subfield code="2">SpMaBN</subfield>
		</datafield>
		<datafield tag="035" ind1=" " ind2=" ">
			<subfield code="a">(OCoLC)431896995</subfield>
		</datafield>
		<datafield tag="040" ind1=" " ind2=" ">
			<subfield code="a">SpMaBN</subfield>
			<subfield code="b">spa</subfield>
			<subfield code="c">A2</subfield>
			<subfield code="d">SpMaBN</subfield>
		</datafield>
		<datafield tag="080" ind1=" " ind2=" ">
			<subfield code="a">821.134.2-32&quot;19&quot;</subfield>
		</datafield>
		<datafield tag="080" ind1=" " ind2=" ">
			<subfield code="a">821.134.2-3</subfield>
			<subfield code="2">summary</subfield>
		</datafield>
		<datafield tag="100" ind1="0" ind2=" ">
			<subfield code="a">El Caballero Audaz</subfield>
			<subfield code="d">1888-1951</subfield>
		</datafield>
		<datafield tag="245" ind1="1" ind2="0">
			<subfield code="a">Horas del Madrid rojo</subfield>
			<subfield code="c">El Caballero Audaz ; ilustraciones de J. Nadal</subfield>
		</datafield>
		<datafield tag="250" ind1=" " ind2=" ">
			<subfield code="a">1ª ed.</subfield>
		</datafield>
		<datafield tag="260" ind1=" " ind2=" ">
			<subfield code="a">Madrid</subfield>
			<subfield code="b">Ediciones Caballero Audaz</subfield>
			<subfield code="b">Librería José Antonio</subfield>
			<subfield code="c">1941</subfield>
		</datafield>
		<datafield tag="300" ind1=" " ind2=" ">
			<subfield code="a">281 p.</subfield>
			<subfield code="b">il.</subfield>
			<subfield code="c">20 cm</subfield>
		</datafield>
		<datafield tag="336" ind1=" " ind2=" ">
			<subfield code="a">Texto (visual)</subfield>
			<subfield code="2">isbdcontent</subfield>
		</datafield>
		<datafield tag="337" ind1=" " ind2=" ">
			<subfield code="a">sin mediación</subfield>
			<subfield code="2">isbdmedia</subfield>
		</datafield>
		<datafield tag="490" ind1="0" ind2=" ">
			<subfield code="a">Al servicio del pueblo</subfield>
		</datafield>
		<datafield tag="856" ind1="4" ind2="1">
			<subfield code="u">http://bdh-rd.bne.es/viewer.vm?id=0000140850&amp;page=1</subfield>
			<subfield code="y">Biblioteca Digital Hispánica</subfield>
		</datafield>
		<datafield tag="956" ind1=" " ind2=" ">
			<subfield code="a">1 2</subfield>
		</datafield>
		<datafield tag="980" ind1=" " ind2=" ">
			<subfield code=".">563.   </subfield>
			<subfield code="a">Holandesa</subfield>
			<subfield code=".">852. 40</subfield>
			<subfield code="a">SpMaBN</subfield>
			<subfield code="b">BNALCALA</subfield>
			<subfield code="9">MO02997419</subfield>
			<subfield code="j">AHM/361146</subfield>
			<subfield code="z">En portada 2ª edición </subfield>
			<subfield code="z">Sello: “Bibliotecas Populares de Madrid, Central”</subfield>
			<subfield code="z">Sello: “Biblioteca Popular José de Acuña”</subfield>
			<subfield code="x">AH</subfield>
			<subfield code="c">SG_PETANTI</subfield>
		</datafield>
		<datafield tag="980" ind1=" " ind2=" ">
			<subfield code=".">563.   </subfield>
			<subfield code="a">Holandesa, conservando la original</subfield>
			<subfield code=".">852. 40</subfield>
			<subfield code="a">SpMaBN</subfield>
			<subfield code="b">BNMADRID</subfield>
			<subfield code="9">MO00130370</subfield>
			<subfield code="j">4/2732</subfield>
			<subfield code="z">En prortada 2ª edición </subfield>
			<subfield code="z">Sello: &quot;Censura&quot;</subfield>
			<subfield code="x">C001474</subfield>
			<subfield code="c">SG_RECOLET</subfield>
		</datafield>
		<datafield tag="980" ind1=" " ind2=" ">
			<subfield code=".">561.   </subfield>
			<subfield code="a">Colección Comín Colomer</subfield>
			<subfield code=".">563.   </subfield>
			<subfield code="a">Holandesa, conservando la original</subfield>
			<subfield code=".">852. 40</subfield>
			<subfield code="a">SpMaBN</subfield>
			<subfield code="b">BNMADRID</subfield>
			<subfield code="9">MO00691662</subfield>
			<subfield code="j">3/93555</subfield>
			<subfield code="x">Sello: “Comín, Biblioteca Nacional, Madrid, 1975”</subfield>
			<subfield code="x">C001476</subfield>
			<subfield code="c">SG_RECOLET</subfield>
		</datafield>
		<datafield tag="980" ind1=" " ind2=" ">
			<subfield code=".">563.   </subfield>
			<subfield code="a">Holandesa, conservando la original</subfield>
			<subfield code=".">852. 40</subfield>
			<subfield code="a">SpMaBN</subfield>
			<subfield code="b">BNMADRID</subfield>
			<subfield code="9">MO00136456</subfield>
			<subfield code="j">7/18516</subfield>
			<subfield code="z">Sello: “Popular”</subfield>
			<subfield code="x">C001475 </subfield>
			<subfield code="c">SG_RECOLET</subfield>
		</datafield>
		<datafield tag="899" ind1=" " ind2=" ">
			<subfield code="j">7/18516</subfield>
			<subfield code="x">Mnemosine</subfield>
		</datafield>
	</record>