
	<record>
		<leader>01522cam a2200313 c 4500</leader>
		<controlfield tag="001">bimo0000627005</controlfield>
		<controlfield tag="005">20140528        </controlfield>
		<controlfield tag="008">900725s1935    sp a          000 0 spa  </controlfield>
		<datafield tag="016" ind1="7" ind2=" ">
			<subfield code="a">bimoBNE19971063235</subfield>
			<subfield code="z">IND9100111893</subfield>
			<subfield code="2">SpMaBN</subfield>
		</datafield>
		<datafield tag="035" ind1=" " ind2=" ">
			<subfield code="a">(OCoLC)431897358</subfield>
		</datafield>
		<datafield tag="040" ind1=" " ind2=" ">
			<subfield code="a">SpMaBN</subfield>
			<subfield code="b">spa</subfield>
			<subfield code="c">A2</subfield>
			<subfield code="d">SpMaBN</subfield>
		</datafield>
		<datafield tag="080" ind1=" " ind2=" ">
			<subfield code="a">94(460)</subfield>
			<subfield code="2">summary</subfield>
		</datafield>
		<datafield tag="080" ind1=" " ind2=" ">
			<subfield code="a">94(460)&quot;1934&quot;</subfield>
		</datafield>
		<datafield tag="080" ind1=" " ind2=" ">
			<subfield code="a">94(460.23)&quot;1931/39&quot;</subfield>
		</datafield>
		<datafield tag="100" ind1="0" ind2=" ">
			<subfield code="a">El Caballero Audaz</subfield>
			<subfield code="d">1888-1951</subfield>
		</datafield>
		<datafield tag="245" ind1="1" ind2="0">
			<subfield code="a">Traidores a la patria :</subfield>
			<subfield code="b">(la verdad sobre Asturias y Cataluña) : ¡Los responsables!</subfield>
			<subfield code="c">El Caballero Audaz</subfield>
		</datafield>
		<datafield tag="260" ind1=" " ind2=" ">
			<subfield code="a">Madrid</subfield>
			<subfield code="b">Ediciones Caballero Audaz</subfield>
			<subfield code="c">1935</subfield>
		</datafield>
		<datafield tag="300" ind1=" " ind2=" ">
			<subfield code="a">244 p., [14] h. de lám.</subfield>
			<subfield code="c">21 cm</subfield>
		</datafield>
		<datafield tag="336" ind1=" " ind2=" ">
			<subfield code="a">Texto (visual)</subfield>
			<subfield code="2">isbdcontent</subfield>
		</datafield>
		<datafield tag="337" ind1=" " ind2=" ">
			<subfield code="a">sin mediación</subfield>
			<subfield code="2">isbdmedia</subfield>
		</datafield>
		<datafield tag="490" ind1="0" ind2=" ">
			<subfield code="a">Al servicio del pueblo</subfield>
			<subfield code="v">v. XIV</subfield>
		</datafield>
		<datafield tag="651" ind1=" " ind2="7">
			<subfield code="a">España</subfield>
			<subfield code="x">Historia</subfield>
			<subfield code="y">1934 (Revolución de octubre)</subfield>
			<subfield code="2">embne</subfield>
		</datafield>
		<datafield tag="651" ind1=" " ind2="7">
			<subfield code="a">Cataluña</subfield>
			<subfield code="x">Historia</subfield>
			<subfield code="y">1931-1939</subfield>
			<subfield code="2">embne</subfield>
		</datafield>
		<datafield tag="856" ind1="4" ind2="1">
			<subfield code="u">http://bdh-rd.bne.es/viewer.vm?id=0000140793&amp;page=1</subfield>
			<subfield code="y">Biblioteca Digital Hispánica</subfield>
		</datafield>
		<datafield tag="956" ind1=" " ind2=" ">
			<subfield code="a">1</subfield>
		</datafield>
		<datafield tag="980" ind1=" " ind2=" ">
			<subfield code=".">563.   </subfield>
			<subfield code="a">Holandesa, conservando la original</subfield>
			<subfield code=".">852. 40</subfield>
			<subfield code="a">SpMaBN</subfield>
			<subfield code="b">BNMADRID</subfield>
			<subfield code="9">MO00103910</subfield>
			<subfield code="j">7/6884</subfield>
			<subfield code="x">C001586</subfield>
			<subfield code="c">SG_RECOLET</subfield>
		</datafield>
		<datafield tag="980" ind1=" " ind2=" ">
			<subfield code=".">561.   </subfield>
			<subfield code="a">Colección omín Colomer</subfield>
			<subfield code=".">563.   </subfield>
			<subfield code="a">Holandesa, conservando la original</subfield>
			<subfield code=".">852. 40</subfield>
			<subfield code="a">M-BN</subfield>
			<subfield code="b">BNMADRID</subfield>
			<subfield code="9">MO00681740</subfield>
			<subfield code="j">3/92242</subfield>
			<subfield code="x">Sello: “Comín, Biblioteca Nacional, Madrid, 1975”xC001587</subfield>
			<subfield code="c">SG_RECOLET</subfield>
		</datafield>
		<datafield tag="980" ind1=" " ind2=" ">
			<subfield code=".">563.   </subfield>
			<subfield code="a">Holandesa, conservando la original</subfield>
			<subfield code=".">852. 40</subfield>
			<subfield code="a">SpMaBN</subfield>
			<subfield code="b">BNMADRID</subfield>
			<subfield code="9">MO00988815</subfield>
			<subfield code="j">3/109864</subfield>
			<subfield code="x">C001588</subfield>
			<subfield code="c">SG_RECOLET</subfield>
		</datafield>
		<datafield tag="899" ind1=" " ind2=" ">
			<subfield code="j">7/6884</subfield>
			<subfield code="x">Mnemosine</subfield>
		</datafield>
	</record>