
	<record>
		<leader>01150cam a2200265 c 4500</leader>
		<controlfield tag="001">bimo0000626947</controlfield>
		<controlfield tag="005">20140528        </controlfield>
		<controlfield tag="008">900725s1927    sp            000 f spa  </controlfield>
		<datafield tag="016" ind1="7" ind2=" ">
			<subfield code="a">bimoBNE19971062627</subfield>
			<subfield code="z">IND9100111832</subfield>
			<subfield code="2">SpMaBN</subfield>
		</datafield>
		<datafield tag="035" ind1=" " ind2=" ">
			<subfield code="a">(OCoLC)431897102</subfield>
		</datafield>
		<datafield tag="040" ind1=" " ind2=" ">
			<subfield code="a">SpMaBN</subfield>
			<subfield code="b">spa</subfield>
			<subfield code="c">A2</subfield>
			<subfield code="d">SpMaBN</subfield>
		</datafield>
		<datafield tag="080" ind1=" " ind2=" ">
			<subfield code="a">821.134.2-31&quot;19&quot;</subfield>
		</datafield>
		<datafield tag="080" ind1=" " ind2=" ">
			<subfield code="a">821.134.2-3</subfield>
			<subfield code="2">summary</subfield>
		</datafield>
		<datafield tag="100" ind1="0" ind2=" ">
			<subfield code="a">El Caballero Audaz</subfield>
			<subfield code="d">1888-1951</subfield>
		</datafield>
		<datafield tag="245" ind1="1" ind2="0">
			<subfield code="a">¡Mi marido! :</subfield>
			<subfield code="b">novela cosmopolita</subfield>
			<subfield code="c">El Caballero Audaz</subfield>
		</datafield>
		<datafield tag="250" ind1=" " ind2=" ">
			<subfield code="a">3ª ed.</subfield>
		</datafield>
		<datafield tag="260" ind1=" " ind2=" ">
			<subfield code="a">Madrid</subfield>
			<subfield code="b">Renacimiento</subfield>
			<subfield code="c">cop. 1927</subfield>
		</datafield>
		<datafield tag="300" ind1=" " ind2=" ">
			<subfield code="a">317 p.</subfield>
			<subfield code="c">18 cm</subfield>
		</datafield>
		<datafield tag="336" ind1=" " ind2=" ">
			<subfield code="a">Texto (visual)</subfield>
			<subfield code="2">isbdcontent</subfield>
		</datafield>
		<datafield tag="337" ind1=" " ind2=" ">
			<subfield code="a">sin mediación</subfield>
			<subfield code="2">isbdmedia</subfield>
		</datafield>
		<datafield tag="490" ind1="0" ind2=" ">
			<subfield code="a">Obras de El Caballdero Audaz</subfield>
			<subfield code="v">34</subfield>
		</datafield>
		<datafield tag="856" ind1="4" ind2="1">
			<subfield code="u">http://bdh-rd.bne.es/viewer.vm?id=0000140763&amp;page=1</subfield>
			<subfield code="y">Biblioteca Digital Hispánica</subfield>
		</datafield>
		<datafield tag="956" ind1=" " ind2=" ">
			<subfield code="a">2</subfield>
		</datafield>
		<datafield tag="980" ind1=" " ind2=" ">
			<subfield code=".">563.   </subfield>
			<subfield code="a">Holandesa, conservando la original</subfield>
			<subfield code=".">583.   </subfield>
			<subfield code="a">Retirado de consulta</subfield>
			<subfield code=".">583.   </subfield>
			<subfield code="a">En contenedor de conservación</subfield>
			<subfield code=".">852. 40</subfield>
			<subfield code="a">SpMaBN</subfield>
			<subfield code="b">BNMADRID</subfield>
			<subfield code="9">MO00110414</subfield>
			<subfield code="j">10/203751</subfield>
			<subfield code="d">2/91348</subfield>
			<subfield code="z">Consulte reproducción: DGmicro/67549</subfield>
			<subfield code="z">Firma autógrafa del autor</subfield>
			<subfield code="x">De la Propiedad Intelectual</subfield>
			<subfield code="x">C001507</subfield>
			<subfield code="c">SG_PETANTI</subfield>
		</datafield>
		<datafield tag="899" ind1=" " ind2=" ">
			<subfield code="j">2/91348</subfield>
			<subfield code="x">Mnemosine</subfield>
		</datafield>
	</record>