
	<record>
		<leader>01182cam a2200277 c 4500</leader>
		<controlfield tag="001">bimo0000626941</controlfield>
		<controlfield tag="005">20140528        </controlfield>
		<controlfield tag="008">900725s1922    sp a          000 0dspa  </controlfield>
		<datafield tag="016" ind1="7" ind2=" ">
			<subfield code="a">bimoBNE19971062560</subfield>
			<subfield code="z">IND9100111826</subfield>
			<subfield code="2">SpMaBN</subfield>
		</datafield>
		<datafield tag="035" ind1=" " ind2=" ">
			<subfield code="a">(OCoLC)431897075</subfield>
		</datafield>
		<datafield tag="040" ind1=" " ind2=" ">
			<subfield code="a">SpMaBN</subfield>
			<subfield code="b">spa</subfield>
			<subfield code="c">A2</subfield>
			<subfield code="d">SpMaBN</subfield>
		</datafield>
		<datafield tag="080" ind1=" " ind2=" ">
			<subfield code="a">929</subfield>
			<subfield code="2">summary</subfield>
		</datafield>
		<datafield tag="080" ind1=" " ind2=" ">
			<subfield code="a">821.134.2-92&quot;19&quot;</subfield>
		</datafield>
		<datafield tag="080" ind1=" " ind2=" ">
			<subfield code="a">929(100)&quot;18/19&quot;(047.53)</subfield>
		</datafield>
		<datafield tag="100" ind1="0" ind2=" ">
			<subfield code="a">El Caballero Audaz</subfield>
			<subfield code="d">1888-1951</subfield>
		</datafield>
		<datafield tag="245" ind1="1" ind2="0">
			<subfield code="a">Lo que sé por mí :</subfield>
			<subfield code="b">(confesiones del siglo).</subfield>
			<subfield code="n">Serie octava</subfield>
			<subfield code="c">El Caballero Audaz</subfield>
		</datafield>
		<datafield tag="260" ind1=" " ind2=" ">
			<subfield code="a">Madrid</subfield>
			<subfield code="b">Mundo Latino</subfield>
			<subfield code="c">cop.1922</subfield>
		</datafield>
		<datafield tag="300" ind1=" " ind2=" ">
			<subfield code="a">225 p., [3] h. de lám.</subfield>
			<subfield code="c">19 cm</subfield>
		</datafield>
		<datafield tag="336" ind1=" " ind2=" ">
			<subfield code="a">Texto (visual)</subfield>
			<subfield code="2">isbdcontent</subfield>
		</datafield>
		<datafield tag="337" ind1=" " ind2=" ">
			<subfield code="a">sin mediación</subfield>
			<subfield code="2">isbdmedia</subfield>
		</datafield>
		<datafield tag="650" ind1=" " ind2="7">
			<subfield code="a">Entrevistas</subfield>
			<subfield code="2">embne</subfield>
		</datafield>
		<datafield tag="856" ind1="4" ind2="1">
			<subfield code="u">http://bdh-rd.bne.es/viewer.vm?id=0000140839&amp;page=1</subfield>
			<subfield code="y">Biblioteca Digital Hispánica</subfield>
		</datafield>
		<datafield tag="956" ind1=" " ind2=" ">
			<subfield code="a">1 2</subfield>
		</datafield>
		<datafield tag="980" ind1=" " ind2=" ">
			<subfield code=".">563.   </subfield>
			<subfield code="a">Rustica</subfield>
			<subfield code=".">852. 40</subfield>
			<subfield code="a">SpMaBN</subfield>
			<subfield code="b">BNMADRID</subfield>
			<subfield code="j">7/1053</subfield>
			<subfield code="q">Falta la cubierta</subfield>
			<subfield code="z">Firma de Antonio Ceita </subfield>
			<subfield code="x">C001496</subfield>
			<subfield code="c">SG_RECOLET</subfield>
		</datafield>
		<datafield tag="980" ind1=" " ind2=" ">
			<subfield code=".">843.   </subfield>
			<subfield code="a">Microfilme</subfield>
			<subfield code="b">Madrid</subfield>
			<subfield code="c">Biblioteca Nacional</subfield>
			<subfield code="e">1 carrete de microfilme (127 fotogramas); 35 mm</subfield>
			<subfield code=".">852. 40</subfield>
			<subfield code="a">M-BN</subfield>
			<subfield code="b">BNALCALA</subfield>
			<subfield code="j">DGmicro/35293</subfield>
			<subfield code="x">DG</subfield>
			<subfield code="c">SG_PETANTI</subfield>
		</datafield>
		<datafield tag="899" ind1=" " ind2=" ">
			<subfield code="j">7/1053</subfield>
			<subfield code="x">Mnemosine</subfield>
		</datafield>
	</record>