
	<record>
		<leader>01156cam a2200265 c 4500</leader>
		<controlfield tag="001">a4445926</controlfield>
		<controlfield tag="005">20140528        </controlfield>
		<controlfield tag="008">090313s1921    sp a          000 0dspa  </controlfield>
		<datafield tag="035" ind1=" " ind2=" ">
			<subfield code="a">(OCoLC)733748346</subfield>
		</datafield>
		<datafield tag="040" ind1=" " ind2=" ">
			<subfield code="a">SpMaBN</subfield>
			<subfield code="b">spa</subfield>
			<subfield code="c">SpMaBN</subfield>
			<subfield code="e">rdc</subfield>
		</datafield>
		<datafield tag="080" ind1=" " ind2=" ">
			<subfield code="a">929</subfield>
			<subfield code="2">summary</subfield>
		</datafield>
		<datafield tag="080" ind1=" " ind2=" ">
			<subfield code="a">821.134.2-92&quot;19&quot;</subfield>
		</datafield>
		<datafield tag="080" ind1=" " ind2=" ">
			<subfield code="a">929(100)&quot;19&quot;(047.53)</subfield>
		</datafield>
		<datafield tag="100" ind1="0" ind2=" ">
			<subfield code="a">El Caballero Audaz</subfield>
			<subfield code="d">1888-1951</subfield>
		</datafield>
		<datafield tag="245" ind1="1" ind2="0">
			<subfield code="a">Lo que sé por mí .</subfield>
			<subfield code="n">Décima y última serie</subfield>
			<subfield code="c">El Caballero Audaz ; prólogo de Henry Leach, publicado como crítica literaria en el &quot;The Times&quot; de Londres</subfield>
		</datafield>
		<datafield tag="246" ind1="0" ind2=" ">
			<subfield code="i">Subtítulo de la anteportada</subfield>
			<subfield code="a">Retratos</subfield>
		</datafield>
		<datafield tag="260" ind1=" " ind2=" ">
			<subfield code="a">Madrid</subfield>
			<subfield code="b">Mundo Latino</subfield>
			<subfield code="c">cop. 1921</subfield>
		</datafield>
		<datafield tag="300" ind1=" " ind2=" ">
			<subfield code="a">238 p., [16] h. de lám.</subfield>
			<subfield code="c">20 cm</subfield>
		</datafield>
		<datafield tag="336" ind1=" " ind2=" ">
			<subfield code="a">Texto (visual)</subfield>
			<subfield code="2">isbdcontent</subfield>
		</datafield>
		<datafield tag="337" ind1=" " ind2=" ">
			<subfield code="a">sin mediación</subfield>
			<subfield code="2">isbdmedia</subfield>
		</datafield>
		<datafield tag="650" ind1=" " ind2="7">
			<subfield code="a">Entrevistas</subfield>
			<subfield code="2">embne</subfield>
		</datafield>
		<datafield tag="856" ind1="4" ind2="1">
			<subfield code="u">http://bdh-rd.bne.es/viewer.vm?id=0000149152&amp;page=1</subfield>
			<subfield code="y">Biblioteca Digital Hispánica</subfield>
		</datafield>
		<datafield tag="956" ind1=" " ind2=" ">
			<subfield code="a">1</subfield>
		</datafield>
		<datafield tag="980" ind1=" " ind2=" ">
			<subfield code=".">561.   </subfield>
			<subfield code="a">Colección Comín Colomer</subfield>
			<subfield code=".">563.   </subfield>
			<subfield code="a">Holandesa, conservando la original</subfield>
			<subfield code=".">852. 40</subfield>
			<subfield code="a">M-BN</subfield>
			<subfield code="b">BNMADRID</subfield>
			<subfield code="9">MO00811516</subfield>
			<subfield code="j">3/103854</subfield>
			<subfield code="x">Sello: “Comín, Biblioteca Nacional, Madrid, 1975”</subfield>
			<subfield code="c">SG_RECOLET</subfield>
		</datafield>
		<datafield tag="899" ind1=" " ind2=" ">
			<subfield code="j">3/103854</subfield>
			<subfield code="x">Mnemosine</subfield>
		</datafield>
	</record>