
	<record>
		<leader>01692ckm a2200325 c 4500</leader>
		<controlfield tag="001">a4992722</controlfield>
		<controlfield tag="005">20140313        </controlfield>
		<controlfield tag="007">kh*bo </controlfield>
		<controlfield tag="008">110209s1914    sp o              k spa  </controlfield>
		<datafield tag="035" ind1=" " ind2=" ">
			<subfield code="a">(OCoLC)776472091</subfield>
		</datafield>
		<datafield tag="040" ind1=" " ind2=" ">
			<subfield code="a">SpMaBN</subfield>
			<subfield code="b">spa</subfield>
			<subfield code="c">SpMaBN</subfield>
			<subfield code="e">rdc</subfield>
		</datafield>
		<datafield tag="245" ind1="0" ind2="0">
			<subfield code="a">[Biblioteca Nacional.</subfield>
			<subfield code="p">Visita de &quot;El Caballero Audaz&quot;]</subfield>
			<subfield code="h">[Material gráfico]</subfield>
		</datafield>
		<datafield tag="260" ind1=" " ind2=" ">
			<subfield code="c">[1914]</subfield>
		</datafield>
		<datafield tag="300" ind1=" " ind2=" ">
			<subfield code="a">1 fotografía</subfield>
			<subfield code="b">papel gelatina</subfield>
			<subfield code="c">124 x 173 mm</subfield>
		</datafield>
		<datafield tag="520" ind1="8" ind2=" ">
			<subfield code="a">Tres hombres de cuerpo entero en una sala de exposiciones  observan el libro que sostiene uno de ellos, tras elllos dos vitrinas y un estor con el anagrama BN</subfield>
		</datafield>
		<datafield tag="594" ind1=" " ind2=" ">
			<subfield code="a">Título basado en La Esfera</subfield>
		</datafield>
		<datafield tag="595" ind1=" " ind2=" ">
			<subfield code="a">El 28 de febrero de 1914 esta fotografía aparece como ilustración en el núm. 9, año I de La Esfera</subfield>
		</datafield>
		<datafield tag="596" ind1=" " ind2=" ">
			<subfield code="a">Fecha basada en la de la publicación en La Esfera</subfield>
		</datafield>
		<datafield tag="600" ind1="1" ind2=" ">
			<subfield code="a">El Caballero Audaz</subfield>
			<subfield code="d">1888-1951</subfield>
			<subfield code="2">embne</subfield>
		</datafield>
		<datafield tag="600" ind1="1" ind2=" ">
			<subfield code="a">Rodríguez Marín, Francisco</subfield>
			<subfield code="d">1855-1943</subfield>
			<subfield code="2">embne</subfield>
		</datafield>
		<datafield tag="610" ind1="2" ind2="7">
			<subfield code="a">Biblioteca Nacional de España</subfield>
			<subfield code="2">embne</subfield>
		</datafield>
		<datafield tag="650" ind1=" " ind2="7">
			<subfield code="a">Bibliotecas nacionales</subfield>
			<subfield code="2">embne</subfield>
		</datafield>
		<datafield tag="650" ind1=" " ind2="7">
			<subfield code="a">Bibliotecarios</subfield>
			<subfield code="2">embne</subfield>
		</datafield>
		<datafield tag="650" ind1=" " ind2="7">
			<subfield code="a">Periodistas</subfield>
			<subfield code="2">embne</subfield>
		</datafield>
		<datafield tag="655" ind1=" " ind2="7">
			<subfield code="a">Positivos papel gelatina</subfield>
			<subfield code="z">España</subfield>
			<subfield code="y">S.XX</subfield>
			<subfield code="2">tgfbne</subfield>
		</datafield>
		<datafield tag="856" ind1="4" ind2="1">
			<subfield code="u">http://bdh-rd.bne.es/viewer.vm?id=0000028353</subfield>
			<subfield code="y">Biblioteca Digital Hispánica</subfield>
		</datafield>
		<datafield tag="956" ind1=" " ind2=" ">
			<subfield code="a">1</subfield>
		</datafield>
		<datafield tag="980" ind1=" " ind2=" ">
			<subfield code=".">541.   </subfield>
			<subfield code="c">Compra a</subfield>
			<subfield code="a">El Atril (Valencia),</subfield>
			<subfield code="d">2003</subfield>
			<subfield code=".">852. 40</subfield>
			<subfield code="a">M-BN</subfield>
			<subfield code="b">BNMADRID</subfield>
			<subfield code="j">17/228/25</subfield>
			<subfield code="x">BA</subfield>
			<subfield code="c">SALA_GOYA</subfield>
			<subfield code="z">Al verso anotaciones manuscritas, a lápiz grafito: &quot;Madrid/Biblioteca Nacional&quot; y a lápiz rojo: &quot;E./11 x 8&quot;.</subfield>
			<subfield code="z">Estampillado: &quot;Nº -------&quot; y en el hueco a lápiz grafito &quot;24455&quot;.</subfield>
			<subfield code="q">Al verso restos de un segundo soporte en esquina inferior derecha.</subfield>
		</datafield>
		<datafield tag="899" ind1=" " ind2=" ">
			<subfield code="j">17/228/25</subfield>
		</datafield>
		<datafield tag="899" ind1=" " ind2=" ">
			<subfield code="j">17/228/25</subfield>
			<subfield code="x">digColordig</subfield>
		</datafield>
	</record>