
	<record>
		<leader>01695ncm a22003251  4500</leader>
		<controlfield tag="001">bipa0000002538</controlfield>
		<controlfield tag="005">20140227        </controlfield>
		<controlfield tag="007">qu</controlfield>
		<controlfield tag="008">       1905       sga                   </controlfield>
		<datafield tag="015" ind1=" " ind2=" ">
			<subfield code="a">VCCIM2</subfield>
		</datafield>
		<datafield tag="016" ind1="7" ind2=" ">
			<subfield code="a">bipaBNE20010280695</subfield>
			<subfield code="z">PARBI00003078</subfield>
			<subfield code="2">SpMaBN</subfield>
		</datafield>
		<datafield tag="028" ind1="3" ind2="0">
			<subfield code="a">S.A.E. 265</subfield>
			<subfield code="b">Sociedad de Autores Españoles</subfield>
		</datafield>
		<datafield tag="035" ind1=" " ind2=" ">
			<subfield code="a">(OCoLC)733111021</subfield>
		</datafield>
		<datafield tag="040" ind1=" " ind2=" ">
			<subfield code="a">SpMaBN</subfield>
			<subfield code="b">spa</subfield>
			<subfield code="c">SpMaBN</subfield>
			<subfield code="e">rdc</subfield>
		</datafield>
		<datafield tag="084" ind1=" " ind2=" ">
			<subfield code="a">3.1</subfield>
			<subfield code="2">MU</subfield>
		</datafield>
		<datafield tag="100" ind1="1" ind2="0">
			<subfield code="a">Falla, Manuel de</subfield>
			<subfield code="d">1876-1946</subfield>
		</datafield>
		<datafield tag="245" ind1="1" ind2="0">
			<subfield code="a">Tus ojillos negros</subfield>
			<subfield code="h">[Música notada]</subfield>
			<subfield code="b">: canción andaluza</subfield>
			<subfield code="c">letra de Cristóbal de Castro ; música de M. Falla</subfield>
		</datafield>
		<datafield tag="260" ind1=" " ind2=" ">
			<subfield code="a">Madrid (Arenal, 20)</subfield>
			<subfield code="b">Sociedad de Autores Españoles</subfield>
			<subfield code="c">[1905]</subfield>
		</datafield>
		<datafield tag="300" ind1=" " ind2=" ">
			<subfield code="a">1 partitura (6 p.)</subfield>
			<subfield code="c">36 cm</subfield>
		</datafield>
		<datafield tag="500" ind1=" " ind2=" ">
			<subfield code="a">Portada ilustrada firmada pi J. Cuevas</subfield>
		</datafield>
		<datafield tag="500" ind1=" " ind2=" ">
			<subfield code="a">Notación musical grabada por A. Ruiz</subfield>
		</datafield>
		<datafield tag="500" ind1=" " ind2=" ">
			<subfield code="a">Ded.: &quot;A los Exmos. Sres. Marqueses de Alta-Villa&quot;</subfield>
		</datafield>
		<datafield tag="510" ind1=" " ind2=" ">
			<subfield code="a">La música en el Boletín de la Propiedad Intelectual, Biblioteca Nacional, 1997</subfield>
			<subfield code="c">nº 13794</subfield>
		</datafield>
		<datafield tag="596" ind1=" " ind2=" ">
			<subfield code="a">Fecha de publicación tomada de La música en el Boletín de la Propiedad Intelectual, Biblioteca Nacional, 1997</subfield>
		</datafield>
		<datafield tag="650" ind1=" " ind2="7">
			<subfield code="a">Canciones con piano</subfield>
			<subfield code="2">embne</subfield>
		</datafield>
		<datafield tag="700" ind1="1" ind2=" ">
			<subfield code="a">Castro, Cristóbal de</subfield>
			<subfield code="d">1874-1953</subfield>
		</datafield>
		<datafield tag="856" ind1="4" ind2="1">
			<subfield code="u">http://bdh-rd.bne.es/viewer.vm?id=0000112403&amp;page=1</subfield>
			<subfield code="y">Biblioteca Digital Hispánica</subfield>
		</datafield>
		<datafield tag="899" ind1=" " ind2=" ">
			<subfield code="j">MP/173/2</subfield>
			<subfield code="x">dig78dig</subfield>
		</datafield>
		<datafield tag="956" ind1=" " ind2=" ">
			<subfield code="a">1</subfield>
		</datafield>
		<datafield tag="980" ind1=" " ind2=" ">
			<subfield code=".">561.   </subfield>
			<subfield code="a">Registro de la Propiedad Intelectual</subfield>
			<subfield code=".">852. 40</subfield>
			<subfield code="a">M-BN</subfield>
			<subfield code="b">MU</subfield>
			<subfield code="c">SALA_BARBI</subfield>
			<subfield code="9">PA00011394</subfield>
			<subfield code="j">Mp/173/2</subfield>
			<subfield code="z">Números de ingreso en el Registro de la Prop. Intel.</subfield>
			<subfield code="z">Sello con firma de M. Falla.   </subfield>
			<subfield code="z">Sello del editor: &quot;Sociedad de Autores Españoles, Sección de música y librería, despacho general, 20, Arenal, 20, Madrid&quot;</subfield>
			<subfield code="z">Firma ms. de Heliodoro Asenjo</subfield>
		</datafield>
	</record>