
	<record>
		<leader>02230ncm a22003971  4500</leader>
		<controlfield tag="001">bipa0000115019</controlfield>
		<controlfield tag="005">20140227        </controlfield>
		<controlfield tag="008">060330s1911    sp sga //      n    spa/ </controlfield>
		<datafield tag="015" ind1=" " ind2=" ">
			<subfield code="a">CCIM1</subfield>
		</datafield>
		<datafield tag="016" ind1="7" ind2=" ">
			<subfield code="a">bipaBNE20060045548</subfield>
			<subfield code="2">SpMaBN</subfield>
		</datafield>
		<datafield tag="028" ind1="3" ind2="1">
			<subfield code="a">42163</subfield>
		</datafield>
		<datafield tag="035" ind1=" " ind2=" ">
			<subfield code="a">(OCoLC)435876821</subfield>
		</datafield>
		<datafield tag="040" ind1=" " ind2=" ">
			<subfield code="a">SpMaBN</subfield>
			<subfield code="b">spa</subfield>
			<subfield code="c">SpMaBN</subfield>
			<subfield code="e">rdc</subfield>
		</datafield>
		<datafield tag="084" ind1=" " ind2=" ">
			<subfield code="a">3.1</subfield>
		</datafield>
		<datafield tag="100" ind1="1" ind2=" ">
			<subfield code="a">Villar, Rogelio del</subfield>
			<subfield code="d">1875-1937</subfield>
		</datafield>
		<datafield tag="240" ind1="1" ind2="0">
			<subfield code="a">Tres melodías para canto y piano.</subfield>
			<subfield code="n">N. 2,</subfield>
			<subfield code="p">Para tu risa, manantial</subfield>
		</datafield>
		<datafield tag="245" ind1="0" ind2="0">
			<subfield code="a">Tres melodías para canto y piano</subfield>
			<subfield code="n">2ª</subfield>
			<subfield code="p">Madrigal : Para tu risa, manantial</subfield>
			<subfield code="h">[Música notada]</subfield>
			<subfield code="c">por R. Villar ; versos de Ricardo J. Catarineu</subfield>
		</datafield>
		<datafield tag="260" ind1="0" ind2=" ">
			<subfield code="a">Madrid (Carrera de San Jerónimo, 34)</subfield>
			<subfield code="b">Sociedad Anónima Casa Dotesio</subfield>
			<subfield code="c">cop. 1911</subfield>
		</datafield>
		<datafield tag="300" ind1=" " ind2=" ">
			<subfield code="a">1 partitura (4 p.)</subfield>
			<subfield code="c">34 cm</subfield>
		</datafield>
		<datafield tag="500" ind1=" " ind2=" ">
			<subfield code="a">Nº 11611 de La música en el Boletín de la Propiedad Intelectual, Biblioteca Nacional, 1997</subfield>
		</datafield>
		<datafield tag="500" ind1=" " ind2=" ">
			<subfield code="a">Portada ilustrada en color</subfield>
		</datafield>
		<datafield tag="500" ind1=" " ind2=" ">
			<subfield code="a">En la página 4, texto del poema</subfield>
		</datafield>
		<datafield tag="500" ind1=" " ind2=" ">
			<subfield code="a">Ded.: &quot;Al eminente artista Ignacio Tabuyo&quot;</subfield>
		</datafield>
		<datafield tag="594" ind1=" " ind2=" ">
			<subfield code="a">Datos del área de título tomados de la cabecera</subfield>
		</datafield>
		<datafield tag="596" ind1=" " ind2=" ">
			<subfield code="a">En la portada: &quot;Bilbao: Dña. María Muñoz, 8 y Bidebarrieta, 3 ; Barcelona: Puerta del Ángel, 1 y 3 y Rambla de San José, 29 ; Santander: Wald -Ras, 7 ; Valencia: Perís y Valero, 15 ; Agence pour la vente en France et à l'étranger L.E. Dotesio, rue Vivienne, 47, Paris ; Londres: 10, Mortimer Street W.&quot;</subfield>
		</datafield>
		<datafield tag="600" ind1="1" ind2="7">
			<subfield code="a">Catarineu, Ricardo J.</subfield>
			<subfield code="d">1868-1915</subfield>
			<subfield code="t">Para tu risa, manantial</subfield>
			<subfield code="x">Adaptaciones musicales</subfield>
			<subfield code="2">embne</subfield>
		</datafield>
		<datafield tag="650" ind1=" " ind2="7">
			<subfield code="a">Canciones con piano</subfield>
			<subfield code="2">embne</subfield>
		</datafield>
		<datafield tag="650" ind1=" " ind2="7">
			<subfield code="a">Madrigales</subfield>
			<subfield code="2">embne</subfield>
		</datafield>
		<datafield tag="650" ind1=" " ind2="7">
			<subfield code="a">Poesía española</subfield>
			<subfield code="y">S.XIX</subfield>
			<subfield code="x">Adaptaciones musicales</subfield>
			<subfield code="2">embne</subfield>
		</datafield>
		<datafield tag="700" ind1="1" ind2=" ">
			<subfield code="a">Villar, Rogelio del</subfield>
			<subfield code="d">1875-1937</subfield>
			<subfield code="t">Para tu risa, manantial</subfield>
		</datafield>
		<datafield tag="700" ind1="1" ind2=" ">
			<subfield code="a">Catarineu, Ricardo J.</subfield>
			<subfield code="d">1868-1915</subfield>
		</datafield>
		<datafield tag="740" ind1="0" ind2=" ">
			<subfield code="a">Para tu risa, manantial.</subfield>
		</datafield>
		<datafield tag="856" ind1="4" ind2="1">
			<subfield code="u">http://bdh-rd.bne.es/viewer.vm?id=0000054626&amp;page=1</subfield>
			<subfield code="y">Biblioteca Digital Hispánica</subfield>
		</datafield>
		<datafield tag="899" ind1=" " ind2=" ">
			<subfield code="j">MP/2684/10</subfield>
			<subfield code="x">dig78dig</subfield>
		</datafield>
		<datafield tag="956" ind1=" " ind2=" ">
			<subfield code="a">1</subfield>
		</datafield>
		<datafield tag="980" ind1=" " ind2=" ">
			<subfield code=".">541.   </subfield>
			<subfield code="c">Donativo</subfield>
			<subfield code=".">852. 40</subfield>
			<subfield code="a">M-BN</subfield>
			<subfield code="b">BNMADRID</subfield>
			<subfield code="9">PA00122189</subfield>
			<subfield code="j">Mp/2684/10</subfield>
			<subfield code="u">Sello del editor: &quot;Unión Musical Española, editores, Carrera de San Jerónimo, 34, Madrid&quot;</subfield>
			<subfield code="u">Sello: &quot;Donativo&quot;</subfield>
			<subfield code="u">Sello gofrado con las iniciales del editor Dotesio</subfield>
			<subfield code="x">MU</subfield>
			<subfield code="c">SALA_BARBI</subfield>
		</datafield>
	</record>