
	<record>
		<leader>01060cam a2200265 c 4500</leader>
		<controlfield tag="001">bimo0000780086</controlfield>
		<controlfield tag="005">20140528        </controlfield>
		<controlfield tag="008">900725s1914    sp            000 0 spa  </controlfield>
		<datafield tag="016" ind1="7" ind2=" ">
			<subfield code="a">bimoBNE19980141927</subfield>
			<subfield code="z">IND9100230802</subfield>
			<subfield code="2">SpMaBN</subfield>
		</datafield>
		<datafield tag="035" ind1=" " ind2=" ">
			<subfield code="a">(OCoLC)431567673</subfield>
		</datafield>
		<datafield tag="040" ind1=" " ind2=" ">
			<subfield code="a">SpMaBN</subfield>
			<subfield code="b">spa</subfield>
			<subfield code="c">A2</subfield>
			<subfield code="d">SpMaBN</subfield>
		</datafield>
		<datafield tag="080" ind1=" " ind2=" ">
			<subfield code="a">792</subfield>
			<subfield code="2">summary</subfield>
		</datafield>
		<datafield tag="080" ind1=" " ind2=" ">
			<subfield code="a">792.034(460)</subfield>
		</datafield>
		<datafield tag="100" ind1="1" ind2=" ">
			<subfield code="a">Díaz de Escovar, Narciso</subfield>
			<subfield code="d">1860-1935</subfield>
		</datafield>
		<datafield tag="245" ind1="1" ind2="0">
			<subfield code="a">Anales de la escena española</subfield>
			<subfield code="c">por Narciso Diaz de Escovar</subfield>
		</datafield>
		<datafield tag="260" ind1=" " ind2=" ">
			<subfield code="a">[S.l.]</subfield>
			<subfield code="b">[s.n.]</subfield>
			<subfield code="c">1914</subfield>
			<subfield code="e">Madrid</subfield>
			<subfield code="f">Imp. Helénica</subfield>
		</datafield>
		<datafield tag="300" ind1=" " ind2=" ">
			<subfield code="a">124 p.</subfield>
			<subfield code="c">24 cm</subfield>
		</datafield>
		<datafield tag="336" ind1=" " ind2=" ">
			<subfield code="a">Texto (visual)</subfield>
			<subfield code="2">isbdcontent</subfield>
		</datafield>
		<datafield tag="337" ind1=" " ind2=" ">
			<subfield code="a">sin mediación</subfield>
			<subfield code="2">isbdmedia</subfield>
		</datafield>
		<datafield tag="490" ind1="0" ind2=" ">
			<subfield code="a">Biblioteca de &quot;La Ciudad de Dios&quot;</subfield>
		</datafield>
		<datafield tag="650" ind1=" " ind2="7">
			<subfield code="a">Teatro</subfield>
			<subfield code="z">España</subfield>
			<subfield code="y">S.XVII</subfield>
			<subfield code="2">embne</subfield>
		</datafield>
		<datafield tag="856" ind1="4" ind2="1">
			<subfield code="u">http://bdh-rd.bne.es/viewer.vm?id=0000140927&amp;page=1</subfield>
			<subfield code="y">Biblioteca Digital Hispánica</subfield>
		</datafield>
		<datafield tag="956" ind1=" " ind2=" ">
			<subfield code="a">2</subfield>
		</datafield>
		<datafield tag="980" ind1=" " ind2=" ">
			<subfield code=".">563.   </subfield>
			<subfield code="a">Holandesa</subfield>
			<subfield code=".">583.   </subfield>
			<subfield code="a">En contenedor de conservación</subfield>
			<subfield code=".">583.   </subfield>
			<subfield code="a">Retirado</subfield>
			<subfield code=".">852. 40</subfield>
			<subfield code="a">SpMaBN</subfield>
			<subfield code="b">BNMADRID</subfield>
			<subfield code="9">MO00028632</subfield>
			<subfield code="j">DL/2149051</subfield>
			<subfield code="d">5/10939</subfield>
			<subfield code="x">D037142 </subfield>
			<subfield code="c">CONSERVACI</subfield>
		</datafield>
		<datafield tag="899" ind1=" " ind2=" ">
			<subfield code="j">DL/2149051</subfield>
			<subfield code="x">DIGUNICODIG</subfield>
		</datafield>
	</record>