
	<record>
		<leader>01548njm a2200409   4500</leader>
		<controlfield tag="001">biso0000729037</controlfield>
		<controlfield tag="005">20140227        </controlfield>
		<controlfield tag="007">sd dmsdnnmslub</controlfield>
		<controlfield tag="008">041001q1935    sp mu            1  spa  </controlfield>
		<datafield tag="015" ind1=" " ind2=" ">
			<subfield code="a">SONPZ</subfield>
		</datafield>
		<datafield tag="016" ind1="7" ind2=" ">
			<subfield code="a">bisoBNE20040143705</subfield>
			<subfield code="2">SpMaBN</subfield>
		</datafield>
		<datafield tag="028" ind1=" " ind2="0">
			<subfield code="a">OJ 816, OJ 827</subfield>
		</datafield>
		<datafield tag="028" ind1=" " ind2="0">
			<subfield code="a">110-2755, 110-2756</subfield>
		</datafield>
		<datafield tag="028" ind1=" " ind2="0">
			<subfield code="a">AE 4152</subfield>
			<subfield code="b">Gramófono</subfield>
		</datafield>
		<datafield tag="035" ind1=" " ind2=" ">
			<subfield code="a">(OCoLC)431224278</subfield>
		</datafield>
		<datafield tag="040" ind1=" " ind2=" ">
			<subfield code="a">SpMaBN</subfield>
			<subfield code="b">spa</subfield>
			<subfield code="c">SpMaBN</subfield>
			<subfield code="e">rdc</subfield>
		</datafield>
		<datafield tag="047" ind1=" " ind2=" ">
			<subfield code="a">sg</subfield>
			<subfield code="a">mh</subfield>
		</datafield>
		<datafield tag="084" ind1=" " ind2=" ">
			<subfield code="a">3.1</subfield>
			<subfield code="2">MU</subfield>
		</datafield>
		<datafield tag="084" ind1=" " ind2=" ">
			<subfield code="a">7.2</subfield>
			<subfield code="2">MU</subfield>
		</datafield>
		<datafield tag="100" ind1="1" ind2=" ">
			<subfield code="a">Demare, Lucio</subfield>
			<subfield code="d">1906-1974</subfield>
		</datafield>
		<datafield tag="245" ind1="1" ind2="0">
			<subfield code="a">Por el camino adelante</subfield>
			<subfield code="h">[Grabación sonora]</subfield>
			<subfield code="b"> : fragmento</subfield>
			<subfield code="c">J. Dicenta, hijo, Irusta, Fugazot y Demare. Hechicera : canción / Irusta, Fugazot y Demare</subfield>
		</datafield>
		<datafield tag="260" ind1=" " ind2=" ">
			<subfield code="a">Barcelona</subfield>
			<subfield code="b">Compañía del Gramófono</subfield>
			<subfield code="c">[ca. 1935]</subfield>
		</datafield>
		<datafield tag="300" ind1=" " ind2=" ">
			<subfield code="a">1 disco (6 min)</subfield>
			<subfield code="b">78 rpm</subfield>
			<subfield code="c">25 cm</subfield>
		</datafield>
		<datafield tag="500" ind1=" " ind2=" ">
			<subfield code="a">Etiqueta verde con logo de &quot;La Voz de su Amo&quot; en color</subfield>
		</datafield>
		<datafield tag="500" ind1=" " ind2=" ">
			<subfield code="a">En etiqueta: &quot;Argentino&quot;</subfield>
		</datafield>
		<datafield tag="500" ind1=" " ind2=" ">
			<subfield code="a">En etiqueta: &quot;Ac. piano&quot;</subfield>
		</datafield>
		<datafield tag="511" ind1="1" ind2=" ">
			<subfield code="a">Trío Argentino, Irusta-Fugazot-Demare ; dúo por Irusta-Fugazot acomp. piano por Demare</subfield>
		</datafield>
		<datafield tag="533" ind1=" " ind2=" ">
			<subfield code="a">Copia digital de conservación (CD y DAT), 2000</subfield>
		</datafield>
		<datafield tag="650" ind1=" " ind2="7">
			<subfield code="a">Canciones con piano</subfield>
			<subfield code="2">embne</subfield>
		</datafield>
		<datafield tag="700" ind1="1" ind2=" ">
			<subfield code="a">Dicenta, Joaquín</subfield>
			<subfield code="d">1863-1917</subfield>
		</datafield>
		<datafield tag="700" ind1="1" ind2=" ">
			<subfield code="a">Irusta, Agustín</subfield>
			<subfield code="d">1903-1987</subfield>
		</datafield>
		<datafield tag="700" ind1="1" ind2=" ">
			<subfield code="a">Fugazot, Roberto</subfield>
			<subfield code="d">1902-1971</subfield>
		</datafield>
		<datafield tag="740" ind1="0" ind2="2">
			<subfield code="a">Hechicera</subfield>
		</datafield>
		<datafield tag="856" ind1="4" ind2="1">
			<subfield code="u">http://bdh.bne.es/bnesearch/detalle/bdh0000100119</subfield>
			<subfield code="y">Biblioteca Digital Hispánica</subfield>
		</datafield>
		<datafield tag="956" ind1=" " ind2=" ">
			<subfield code="a">1</subfield>
		</datafield>
		<datafield tag="980" ind1=" " ind2=" ">
			<subfield code=".">852. 40</subfield>
			<subfield code="a">M-BN</subfield>
			<subfield code="b">BNMADRID</subfield>
			<subfield code="9">DD00289444</subfield>
			<subfield code="j">Ds/9434/2</subfield>
			<subfield code="x">MU</subfield>
			<subfield code="c">SALA_BARBI</subfield>
		</datafield>
		<datafield tag="899" ind1=" " ind2=" ">
			<subfield code="j">DS/9434/2</subfield>
			<subfield code="x">dig78dig</subfield>
		</datafield>
	</record>