
	<record>
		<leader>01213ccm a2200289 c 4500</leader>
		<controlfield tag="001">a4879543</controlfield>
		<controlfield tag="005">20140226        </controlfield>
		<controlfield tag="007">qu</controlfield>
		<controlfield tag="008">      s1918    sp zzc         n    zxx  </controlfield>
		<datafield tag="028" ind1="2" ind2="0">
			<subfield code="a">F. y A. 1093</subfield>
			<subfield code="b">Fuentes y Asenjo</subfield>
		</datafield>
		<datafield tag="035" ind1=" " ind2=" ">
			<subfield code="a">(OCoLC)740317504</subfield>
		</datafield>
		<datafield tag="040" ind1=" " ind2=" ">
			<subfield code="a">SpMaBN</subfield>
			<subfield code="b">spa</subfield>
			<subfield code="c">SpMaBN</subfield>
			<subfield code="e">rdc</subfield>
		</datafield>
		<datafield tag="084" ind1=" " ind2=" ">
			<subfield code="a">5</subfield>
			<subfield code="2">MU</subfield>
		</datafield>
		<datafield tag="100" ind1="1" ind2=" ">
			<subfield code="a">Chapí, Ruperto</subfield>
			<subfield code="d">1851-1909</subfield>
		</datafield>
		<datafield tag="240" ind1="1" ind2="4">
			<subfield code="a">Los majos de plante.</subfield>
			<subfield code="p">Intermedio</subfield>
			<subfield code="o">arr.</subfield>
		</datafield>
		<datafield tag="245" ind1="1" ind2="4">
			<subfield code="a">Los majos de plante.</subfield>
			<subfield code="n">Nº 2e.,</subfield>
			<subfield code="p">Intermedio</subfield>
			<subfield code="h">[Música notada] :</subfield>
			<subfield code="b">sainete en un acto</subfield>
			<subfield code="c">letra de los Sres. J. Dicenta y P. de Répide ; música Ruperto Chapí</subfield>
		</datafield>
		<datafield tag="260" ind1=" " ind2=" ">
			<subfield code="a">Valencia</subfield>
			<subfield code="b">Mundial Música</subfield>
			<subfield code="a">Madrid</subfield>
			<subfield code="b">Fuentes y Asenjo</subfield>
			<subfield code="c">[1918?]</subfield>
		</datafield>
		<datafield tag="300" ind1=" " ind2=" ">
			<subfield code="a">1 reducción para piano ([2] p.)</subfield>
			<subfield code="c">32 cm</subfield>
		</datafield>
		<datafield tag="597" ind1=" " ind2=" ">
			<subfield code="a">P. 60-61</subfield>
		</datafield>
		<datafield tag="650" ind1=" " ind2="7">
			<subfield code="a">Zarzuelas</subfield>
			<subfield code="x">Fragmentos</subfield>
			<subfield code="v">Reducciones para piano</subfield>
			<subfield code="2">embne</subfield>
		</datafield>
		<datafield tag="700" ind1="1" ind2="2">
			<subfield code="a">Dicenta, Joaquín</subfield>
			<subfield code="d">1863-1917</subfield>
		</datafield>
		<datafield tag="700" ind1="1" ind2="2">
			<subfield code="a">Répide, Pedro de</subfield>
			<subfield code="d">1882-1948</subfield>
		</datafield>
		<datafield tag="856" ind1="4" ind2="1">
			<subfield code="u">http://bdh-rd.bne.es/viewer.vm?id=0000125026&amp;page=1</subfield>
			<subfield code="y">Biblioteca Digital Hispánica</subfield>
		</datafield>
		<datafield tag="899" ind1=" " ind2=" ">
			<subfield code="j">MP/1952(19)</subfield>
			<subfield code="x">dig78dig</subfield>
		</datafield>
		<datafield tag="899" ind1=" " ind2=" ">
			<subfield code="x"/>
			<subfield code="x">DIG SUB</subfield>
		</datafield>
		<datafield tag="956" ind1=" " ind2=" ">
			<subfield code="a">1</subfield>
		</datafield>
		<datafield tag="980" ind1=" " ind2=" ">
			<subfield code=".">563.   </subfield>
			<subfield code="a">Encuadernación holandesa filetes dorados en el lomo</subfield>
			<subfield code=".">852. 40</subfield>
			<subfield code="a">M-BN</subfield>
			<subfield code="b">BN-MADRID</subfield>
			<subfield code="c">SALA_BARBI</subfield>
			<subfield code="j">Mp/1952(19)</subfield>
			<subfield code="z">Encuadernado con otras obras</subfield>
		</datafield>
	</record>