
	<record>
		<leader>00996nam a2200229 i 4500</leader>
		<controlfield tag="001">bimo0000782960</controlfield>
		<controlfield tag="005">20140224        </controlfield>
		<controlfield tag="008">900725s1917    sp            000 d spa  </controlfield>
		<datafield tag="016" ind1="7" ind2=" ">
			<subfield code="a">bimoBNE19980172527</subfield>
			<subfield code="2">SpMaBN</subfield>
		</datafield>
		<datafield tag="035" ind1=" " ind2=" ">
			<subfield code="a">(OCoLC)733461332</subfield>
		</datafield>
		<datafield tag="040" ind1=" " ind2=" ">
			<subfield code="a">SpMaBN</subfield>
			<subfield code="b">spa</subfield>
			<subfield code="c">A2</subfield>
			<subfield code="d">SpMaBN</subfield>
		</datafield>
		<datafield tag="080" ind1=" " ind2=" ">
			<subfield code="a">821.134.2-34&quot;18&quot;</subfield>
		</datafield>
		<datafield tag="100" ind1="1" ind2=" ">
			<subfield code="a">Dicenta, Joaquín</subfield>
			<subfield code="d">1863-1917</subfield>
		</datafield>
		<datafield tag="245" ind1="1" ind2="0">
			<subfield code="a">Mujeres</subfield>
			<subfield code="h">[Texto impreso]</subfield>
			<subfield code="b">(estudios de mujer) obra póstuma</subfield>
			<subfield code="c">Joaquín Dicenta</subfield>
		</datafield>
		<datafield tag="260" ind1=" " ind2=" ">
			<subfield code="a">Madrid</subfield>
			<subfield code="b">Librería de la Viuda de Pueyo</subfield>
			<subfield code="c">1917</subfield>
		</datafield>
		<datafield tag="300" ind1=" " ind2=" ">
			<subfield code="a">282 p.</subfield>
			<subfield code="c">19 cm</subfield>
		</datafield>
		<datafield tag="856" ind1="4" ind2="1">
			<subfield code="u">http://bdh-rd.bne.es/viewer.vm?id=0000103145&amp;page=1</subfield>
			<subfield code="y">Biblioteca Digital Hispánica</subfield>
		</datafield>
		<datafield tag="956" ind1=" " ind2=" ">
			<subfield code="a">1</subfield>
		</datafield>
		<datafield tag="980" ind1=" " ind2=" ">
			<subfield code=".">563.   </subfield>
			<subfield code="a">Pasta</subfield>
			<subfield code=".">583.   </subfield>
			<subfield code="l">Papel ácido</subfield>
			<subfield code="l">Hojas sueltas</subfield>
			<subfield code=".">852. 40</subfield>
			<subfield code="a">M-BN</subfield>
			<subfield code="b">BNMADRID</subfield>
			<subfield code="9">MO00054565</subfield>
			<subfield code="j">1/73506</subfield>
			<subfield code="x">D043656</subfield>
			<subfield code="c">SG_RECOLET</subfield>
		</datafield>
		<datafield tag="980" ind1=" " ind2=" ">
			<subfield code=".">563.   </subfield>
			<subfield code="a">Holandesa</subfield>
			<subfield code=".">583.   </subfield>
			<subfield code="l">Papel quebradizo por acidez</subfield>
			<subfield code="l">Cubierta deteriorada</subfield>
			<subfield code=".">852. 40</subfield>
			<subfield code="a">M-BN</subfield>
			<subfield code="b">BNMADRID</subfield>
			<subfield code="9">MO00976346</subfield>
			<subfield code="j">R/36521</subfield>
			<subfield code="x">D043657</subfield>
			<subfield code="x">FA</subfield>
			<subfield code="c">SALA_CERV</subfield>
		</datafield>
		<datafield tag="899" ind1=" " ind2=" ">
			<subfield code="j">R/36521</subfield>
			<subfield code="x">DIG XIX</subfield>
		</datafield>
		<datafield tag="899" ind1=" " ind2=" ">
			<subfield code="x">dig821(460)dig</subfield>
		</datafield>
	</record>