
	<record>
		<leader>00906nam a2200229 i 4500</leader>
		<controlfield tag="001">bimo0001360294</controlfield>
		<controlfield tag="005">20140226        </controlfield>
		<controlfield tag="008">991004q1915    sp a          000 f spa  </controlfield>
		<datafield tag="016" ind1="7" ind2=" ">
			<subfield code="a">bimoBNE19996168494</subfield>
			<subfield code="2">SpMaBN</subfield>
		</datafield>
		<datafield tag="035" ind1=" " ind2=" ">
			<subfield code="a">(OCoLC)432812564</subfield>
		</datafield>
		<datafield tag="040" ind1=" " ind2=" ">
			<subfield code="a">SpMaBN</subfield>
			<subfield code="b">spa</subfield>
			<subfield code="c">SpMaBN</subfield>
			<subfield code="e">rdc</subfield>
		</datafield>
		<datafield tag="080" ind1=" " ind2=" ">
			<subfield code="a">821.134.2-32&quot;18&quot;</subfield>
		</datafield>
		<datafield tag="100" ind1="1" ind2=" ">
			<subfield code="a">Dicenta, Joaquín</subfield>
			<subfield code="d">1863-1917</subfield>
		</datafield>
		<datafield tag="245" ind1="1" ind2="3">
			<subfield code="a">El capitán Anselmo</subfield>
			<subfield code="h">[Texto impreso]</subfield>
			<subfield code="c">por Joaquín Dicenta ; dibujos de L. Aguirre</subfield>
		</datafield>
		<datafield tag="260" ind1=" " ind2=" ">
			<subfield code="a">[Madrid</subfield>
			<subfield code="b">La Novela de Bolsillo</subfield>
			<subfield code="c">entre 1914 y 1916]</subfield>
		</datafield>
		<datafield tag="300" ind1=" " ind2=" ">
			<subfield code="a">58 p.</subfield>
			<subfield code="b">il.</subfield>
			<subfield code="c">16 cm</subfield>
		</datafield>
		<datafield tag="490" ind1="0" ind2=" ">
			<subfield code="a">La Novela de Bolsillo</subfield>
			<subfield code="v">n. 83</subfield>
		</datafield>
		<datafield tag="856" ind1="4" ind2="1">
			<subfield code="u">http://bdh-rd.bne.es/viewer.vm?id=0000123663&amp;page=1</subfield>
			<subfield code="y">Biblioteca Digital Hispánica</subfield>
		</datafield>
		<datafield tag="956" ind1=" " ind2=" ">
			<subfield code="a">1</subfield>
		</datafield>
		<datafield tag="980" ind1=" " ind2=" ">
			<subfield code=".">541.   </subfield>
			<subfield code="c">Adquirido a</subfield>
			<subfield code="a">Librería de Antaño</subfield>
			<subfield code="b">Buenos Aires</subfield>
			<subfield code=".">852. 40</subfield>
			<subfield code="a">M-BN</subfield>
			<subfield code="b">BNMADRID</subfield>
			<subfield code="9">MO03220784</subfield>
			<subfield code="j">1/233420</subfield>
			<subfield code="x">Anterior a 1958</subfield>
			<subfield code="c">SG_RECOLET</subfield>
		</datafield>
		<datafield tag="899" ind1=" " ind2=" ">
			<subfield code="j">1/233420</subfield>
			<subfield code="x">DIG XIX</subfield>
		</datafield>
		<datafield tag="899" ind1=" " ind2=" ">
			<subfield code="x">dig821(460)dig</subfield>
		</datafield>
	</record>