
	<record>
		<leader>02231ncm a2200373   4500</leader>
		<controlfield tag="001">bipa0000113435</controlfield>
		<controlfield tag="005">20140227        </controlfield>
		<controlfield tag="007">qu</controlfield>
		<controlfield tag="008">060302q1900    sp tlc //      n    spa/ </controlfield>
		<datafield tag="015" ind1=" " ind2=" ">
			<subfield code="a">CCIM1</subfield>
			<subfield code="a">TLp</subfield>
		</datafield>
		<datafield tag="016" ind1="7" ind2=" ">
			<subfield code="a">bipaBNE20060028998</subfield>
			<subfield code="z">BNE19972389732</subfield>
			<subfield code="z">IND9100208441</subfield>
			<subfield code="2">SpMaBN</subfield>
		</datafield>
		<datafield tag="028" ind1="2" ind2="1">
			<subfield code="a">P.M. 8819 a P.M. 8838</subfield>
		</datafield>
		<datafield tag="028" ind1="2" ind2="0">
			<subfield code="a">P.M. 8820, P.M. 8821, P.M. 8822, P.M. 8823, P.M. 8824, P.M. 8825, P.M. 8826, P.M. 8827, P.M. 8828, P.M. 8829, P.M. 8830, P.M. 8831, P.M. 8832, P.M. 8833, P.M. 8834, P.M. 8835, P.M. 8836, P.M. 8837</subfield>
		</datafield>
		<datafield tag="035" ind1=" " ind2=" ">
			<subfield code="a">(OCoLC)435875010</subfield>
		</datafield>
		<datafield tag="040" ind1=" " ind2=" ">
			<subfield code="a">SpMaBN</subfield>
			<subfield code="b">spa</subfield>
			<subfield code="c">SpMaBN</subfield>
			<subfield code="e">rdc</subfield>
		</datafield>
		<datafield tag="084" ind1=" " ind2=" ">
			<subfield code="a">5</subfield>
		</datafield>
		<datafield tag="100" ind1="1" ind2=" ">
			<subfield code="a">Chapí, Ruperto</subfield>
			<subfield code="d">1851-1909</subfield>
		</datafield>
		<datafield tag="240" ind1="1" ind2="3">
			<subfield code="a">La cortijera</subfield>
			<subfield code="s">. Partitura vocal</subfield>
		</datafield>
		<datafield tag="245" ind1="1" ind2="3">
			<subfield code="a">La cortijera</subfield>
			<subfield code="h">[Música notada]</subfield>
			<subfield code="b"> : zarzuela en tres actos</subfield>
			<subfield code="c">letra de los Sres. J. Dicenta y M. Paso ; música del maestro R. Chapí ; reducción por V. Arín</subfield>
		</datafield>
		<datafield tag="260" ind1="0" ind2=" ">
			<subfield code="a">Madrid (Calle del Correo, 4 y Carrera de San Jerónimo, 34)</subfield>
			<subfield code="b">Sociedad Anónima Casa Dotésio</subfield>
			<subfield code="c">[1900?]</subfield>
		</datafield>
		<datafield tag="300" ind1=" " ind2=" ">
			<subfield code="a">1 partitura vocal ([230] p.)</subfield>
			<subfield code="c">30 cm</subfield>
		</datafield>
		<datafield tag="500" ind1=" " ind2=" ">
			<subfield code="a">Portada ilustrada</subfield>
		</datafield>
		<datafield tag="500" ind1=" " ind2=" ">
			<subfield code="a">En la portada, relación de las partes que componen la obra</subfield>
		</datafield>
		<datafield tag="500" ind1=" " ind2=" ">
			<subfield code="a">En el pie editorial: &quot;Sociedad Anónima Casa Dotésio, editorial de música, única sucesora de Romero, Zozaya, Martín, Eslava y Fuentes y Asenjo&quot;</subfield>
		</datafield>
		<datafield tag="534" ind1=" " ind2=" ">
			<subfield code="p">Reprod. de la ed. de:</subfield>
			<subfield code="c">Madrid : Pablo Martín, 1900 (Calcog. de los Sres. de F. Echevarría)</subfield>
			<subfield code="n">N. pl.: P.M. 8819 a P.M. 8838</subfield>
		</datafield>
		<datafield tag="596" ind1=" " ind2=" ">
			<subfield code="a">Fecha de publicación basada en La edición musical española hasta 1936, 1995</subfield>
		</datafield>
		<datafield tag="650" ind1=" " ind2="7">
			<subfield code="a">Zarzuelas</subfield>
			<subfield code="v">Partituras vocales</subfield>
			<subfield code="2">embne</subfield>
		</datafield>
		<datafield tag="700" ind1="1" ind2=" ">
			<subfield code="a">Dicenta, Joaquín</subfield>
			<subfield code="d">1863-1917</subfield>
		</datafield>
		<datafield tag="700" ind1="1" ind2=" ">
			<subfield code="a">Paso, Manuel</subfield>
			<subfield code="d">1864-1901</subfield>
		</datafield>
		<datafield tag="700" ind1="1" ind2=" ">
			<subfield code="a">Arín, Valentín de</subfield>
			<subfield code="d">1854-1912</subfield>
			<subfield code="e">arr.</subfield>
		</datafield>
		<datafield tag="856" ind1="4" ind2="1">
			<subfield code="u">http://bdh-rd.bne.es/viewer.vm?id=0000091411&amp;page=1</subfield>
			<subfield code="y">Biblioteca Digital Hispánica</subfield>
		</datafield>
		<datafield tag="899" ind1=" " ind2=" ">
			<subfield code="j">M/2983</subfield>
			<subfield code="x">dig78dig</subfield>
		</datafield>
		<datafield tag="956" ind1=" " ind2=" ">
			<subfield code="a">1</subfield>
		</datafield>
		<datafield tag="980" ind1=" " ind2=" ">
			<subfield code=".">561.   </subfield>
			<subfield code="a">Registro de la Propiedad Intelectual</subfield>
			<subfield code=".">563.   </subfield>
			<subfield code="a">Enc. en pasta española; filetes dorados y tejuelo rojo en el lomo; superlibris de la Biblioteca Nacional en las tapas</subfield>
			<subfield code=".">852. 40</subfield>
			<subfield code="a">M-BN</subfield>
			<subfield code="b">BNMADRID</subfield>
			<subfield code="c">SALA_BARBI</subfield>
			<subfield code="j">M/2983</subfield>
			<subfield code="x">CH003457</subfield>
			<subfield code="z">Sello con la firma de R. Chapí</subfield>
			<subfield code="z">Firma ms. de J. Conde</subfield>
			<subfield code="z">Números de ingreso en el Reg. de la Prop. Intel.</subfield>
		</datafield>
	</record>