
	<record>
		<leader>01294nam a2200241 i 4500</leader>
		<controlfield tag="001">bimo0000782895</controlfield>
		<controlfield tag="005">20140224        </controlfield>
		<controlfield tag="008">900725s1900    sp            000 d spa  </controlfield>
		<datafield tag="016" ind1="7" ind2=" ">
			<subfield code="a">bimoBNE19980171852</subfield>
			<subfield code="2">SpMaBN</subfield>
		</datafield>
		<datafield tag="035" ind1=" " ind2=" ">
			<subfield code="a">(OCoLC)733461254</subfield>
		</datafield>
		<datafield tag="040" ind1=" " ind2=" ">
			<subfield code="a">SpMaBN</subfield>
			<subfield code="b">spa</subfield>
			<subfield code="c">A2</subfield>
			<subfield code="d">SpMaBN</subfield>
			<subfield code="e">rdc</subfield>
		</datafield>
		<datafield tag="080" ind1=" " ind2=" ">
			<subfield code="a">821.134.2-22&quot;18&quot;</subfield>
		</datafield>
		<datafield tag="100" ind1="1" ind2=" ">
			<subfield code="a">Dicenta, Joaquín</subfield>
			<subfield code="d">1863-1917</subfield>
		</datafield>
		<datafield tag="245" ind1="1" ind2="3">
			<subfield code="a">La cortijera</subfield>
			<subfield code="h">[Texto impreso] :</subfield>
			<subfield code="b">drama lírico en tres actos y en verso, original</subfield>
			<subfield code="c">letra de Joaquín Dicenta y Manuel Paso ; música del maestro Ruperto Chapí</subfield>
		</datafield>
		<datafield tag="260" ind1=" " ind2=" ">
			<subfield code="a">[S.l.]</subfield>
			<subfield code="b">[s.n.]</subfield>
			<subfield code="c">1900</subfield>
			<subfield code="e">Madrid</subfield>
			<subfield code="f">R. Velasco, imp.</subfield>
		</datafield>
		<datafield tag="300" ind1=" " ind2=" ">
			<subfield code="a">117 p.</subfield>
			<subfield code="c">20 cm</subfield>
		</datafield>
		<datafield tag="500" ind1=" " ind2=" ">
			<subfield code="a">&quot;Administración Lírico-Dramática&quot;--Cub.</subfield>
		</datafield>
		<datafield tag="700" ind1="1" ind2=" ">
			<subfield code="a">Paso, Manuel</subfield>
			<subfield code="d">1864-1901</subfield>
		</datafield>
		<datafield tag="856" ind1="4" ind2="1">
			<subfield code="u">http://bdh-rd.bne.es/viewer.vm?id=0000102505&amp;page=1</subfield>
			<subfield code="y">Biblioteca Digital Hispánica</subfield>
		</datafield>
		<datafield tag="956" ind1=" " ind2=" ">
			<subfield code="a">1</subfield>
		</datafield>
		<datafield tag="980" ind1=" " ind2=" ">
			<subfield code=".">561.   </subfield>
			<subfield code="a">Registro de la Propiedad Intelectual</subfield>
			<subfield code=".">563.   </subfield>
			<subfield code="a">Holandesa: papel; con filetes y título dorados en el lomo. Conserva la cubierta original</subfield>
			<subfield code=".">583.   </subfield>
			<subfield code="l">Papel ácido</subfield>
			<subfield code=".">852. 40</subfield>
			<subfield code="a">M-BN</subfield>
			<subfield code="b">BNMADRID</subfield>
			<subfield code="9">MO04817434</subfield>
			<subfield code="j">T/15390</subfield>
			<subfield code="z">Sello del editor: &quot;Hijos de E. Hidalgo, Editores, Administración Lírico-Dramática, Madrid&quot; y firma manuscrita de su representante &quot;Hijos de E. Hidalgo&quot;</subfield>
			<subfield code="x">D043570</subfield>
			<subfield code="x">FA</subfield>
			<subfield code="c">SALA_CERV</subfield>
		</datafield>
		<datafield tag="899" ind1=" " ind2=" ">
			<subfield code="j">T/15390</subfield>
			<subfield code="x">DIG XIX</subfield>
		</datafield>
		<datafield tag="899" ind1=" " ind2=" ">
			<subfield code="x">dig821(460)dig</subfield>
		</datafield>
	</record>