
	<record>
		<leader>01113nam a2200241 i 4500</leader>
		<controlfield tag="001">bimo0000782906</controlfield>
		<controlfield tag="005">20140224        </controlfield>
		<controlfield tag="008">900725s1899    sp            000 d spa  </controlfield>
		<datafield tag="016" ind1="7" ind2=" ">
			<subfield code="a">bimoBNE19980171964</subfield>
			<subfield code="2">SpMaBN</subfield>
		</datafield>
		<datafield tag="035" ind1=" " ind2=" ">
			<subfield code="a">(OCoLC)733461267</subfield>
		</datafield>
		<datafield tag="040" ind1=" " ind2=" ">
			<subfield code="a">SpMaBN</subfield>
			<subfield code="b">spa</subfield>
			<subfield code="c">A2</subfield>
			<subfield code="d">SpMaBN</subfield>
			<subfield code="e">rdc</subfield>
			<subfield code="d">SpMaBN</subfield>
		</datafield>
		<datafield tag="080" ind1=" " ind2=" ">
			<subfield code="a">821.134.2-293&quot;18&quot;</subfield>
		</datafield>
		<datafield tag="100" ind1="1" ind2=" ">
			<subfield code="a">Dicenta, Joaquín</subfield>
			<subfield code="d">1863-1917</subfield>
		</datafield>
		<datafield tag="245" ind1="1" ind2="0">
			<subfield code="a">Curro Vargas</subfield>
			<subfield code="h">[Texto impreso] :</subfield>
			<subfield code="b">drama lírico en tres actos y en verso, inspirado en una célebre novela española</subfield>
			<subfield code="c">letra de Joaquín Dicenta y Manuel Paso ; música del maestro Ruperto Chapí</subfield>
		</datafield>
		<datafield tag="260" ind1=" " ind2=" ">
			<subfield code="a">[S.l.]</subfield>
			<subfield code="b">[s.n.]</subfield>
			<subfield code="c">1899</subfield>
			<subfield code="e">Madrid</subfield>
			<subfield code="f">R. Velasco, imp.</subfield>
		</datafield>
		<datafield tag="300" ind1=" " ind2=" ">
			<subfield code="a">129 p.</subfield>
			<subfield code="c">20 cm</subfield>
		</datafield>
		<datafield tag="700" ind1="1" ind2=" ">
			<subfield code="a">Paso, Manuel</subfield>
			<subfield code="d">1864-1901</subfield>
		</datafield>
		<datafield tag="700" ind1="1" ind2=" ">
			<subfield code="a">Chapí, Ruperto</subfield>
			<subfield code="d">1851-1909</subfield>
		</datafield>
		<datafield tag="856" ind1="4" ind2="1">
			<subfield code="u">http://bdh-rd.bne.es/viewer.vm?id=0000102659&amp;page=1</subfield>
			<subfield code="y">Biblioteca Digital Hispánica</subfield>
		</datafield>
		<datafield tag="956" ind1=" " ind2=" ">
			<subfield code="a">1</subfield>
		</datafield>
		<datafield tag="980" ind1=" " ind2=" ">
			<subfield code=".">561.   </subfield>
			<subfield code="a">Registro Propiedad Intelectual</subfield>
			<subfield code=".">563.   </subfield>
			<subfield code="a">Holandesa; filetes y hierros dorados en el lomo</subfield>
			<subfield code=".">583.   </subfield>
			<subfield code="l">Papel ácido</subfield>
			<subfield code=".">852. 40</subfield>
			<subfield code="a">M-BN</subfield>
			<subfield code="b">BNMADRID</subfield>
			<subfield code="9">MO04816260</subfield>
			<subfield code="j">T/14745</subfield>
			<subfield code="x">D043583</subfield>
			<subfield code="c">SALA_CERV</subfield>
		</datafield>
		<datafield tag="899" ind1=" " ind2=" ">
			<subfield code="j">T/14745</subfield>
			<subfield code="x">DIG XIX</subfield>
		</datafield>
		<datafield tag="899" ind1=" " ind2=" ">
			<subfield code="x">dig821(460)dig</subfield>
		</datafield>
	</record>