
	<record>
		<leader>01175ctm a2200301   4500</leader>
		<controlfield tag="001">a4466641</controlfield>
		<controlfield tag="005">20140226        </controlfield>
		<controlfield tag="008">090420q1895    sp            000 0 spa/ </controlfield>
		<datafield tag="035" ind1=" " ind2=" ">
			<subfield code="a">(OCoLC)740326545</subfield>
		</datafield>
		<datafield tag="040" ind1=" " ind2=" ">
			<subfield code="a">SpMaBN</subfield>
			<subfield code="b">spa</subfield>
			<subfield code="c">SpMaBN</subfield>
			<subfield code="e">rdc</subfield>
		</datafield>
		<datafield tag="100" ind1="1" ind2=" ">
			<subfield code="a">Dicenta, Joaquín</subfield>
			<subfield code="d">1863-1917</subfield>
		</datafield>
		<datafield tag="245" ind1="1" ind2="0">
			<subfield code="a">Juan José</subfield>
			<subfield code="h">[Manuscrito]</subfield>
			<subfield code="b">: drama en tres actos y en prosa. Emp.: Envido (h. 2v)... Fin.: ¡Mi vida era esto, y lo he matao! (h. 142v)</subfield>
			<subfield code="c">original de Joaquín Dicenta</subfield>
		</datafield>
		<datafield tag="260" ind1=" " ind2=" ">
			<subfield code="a">[ca. 1895]</subfield>
		</datafield>
		<datafield tag="300" ind1=" " ind2=" ">
			<subfield code="a">142 h.</subfield>
			<subfield code="c">25 x 18 cm.</subfield>
		</datafield>
		<datafield tag="500" ind1=" " ind2=" ">
			<subfield code="a">Sello del Teatro de la Comedia</subfield>
		</datafield>
		<datafield tag="500" ind1=" " ind2=" ">
			<subfield code="a">Firma del autor</subfield>
		</datafield>
		<datafield tag="500" ind1=" " ind2=" ">
			<subfield code="a">Texto con correcciones</subfield>
		</datafield>
		<datafield tag="510" ind1="4" ind2=" ">
			<subfield code="a">Paz, Teatro (2ª ed.)</subfield>
			<subfield code="c">n. 7197</subfield>
		</datafield>
		<datafield tag="529" ind1="0" ind2="0">
			<subfield code="a">Envido (h. 2v)... ¡Mi vida era esto, y lo he matao! (h. 142v)</subfield>
		</datafield>
		<datafield tag="546" ind1=" " ind2=" ">
			<subfield code="a">Letra de distintas manos</subfield>
		</datafield>
		<datafield tag="596" ind1=" " ind2=" ">
			<subfield code="a">Fecha tomada de la ed. de Madrid, 1895</subfield>
		</datafield>
		<datafield tag="597" ind1=" " ind2=" ">
			<subfield code="a">En blanco las h. 56 y 99v</subfield>
		</datafield>
		<datafield tag="655" ind1="7" ind2="7">
			<subfield code="a">Teatro</subfield>
			<subfield code="2">tgfbne</subfield>
		</datafield>
		<datafield tag="856" ind1="4" ind2="1">
			<subfield code="u">http://bdh-rd.bne.es/viewer.vm?id=0000130539&amp;page=1</subfield>
			<subfield code="y">Biblioteca Digital Hispánica</subfield>
		</datafield>
		<datafield tag="956" ind1=" " ind2=" ">
			<subfield code="a">1</subfield>
		</datafield>
		<datafield tag="980" ind1=" " ind2=" ">
			<subfield code=".">563.   </subfield>
			<subfield code="a">Encuadernación en holandesa</subfield>
			<subfield code=".">852. 40</subfield>
			<subfield code="a">M-BN</subfield>
			<subfield code="b">BNMADRID</subfield>
			<subfield code="j">Mss/14405</subfield>
			<subfield code="c">SALA_CERV</subfield>
		</datafield>
		<datafield tag="899" ind1=" " ind2=" ">
			<subfield code="x">Mnemosine</subfield>
		</datafield>
		<datafield tag="899" ind1=" " ind2=" ">
			<subfield code="j">MSS/14405</subfield>
		</datafield>
	</record>