
	<record>
		<leader>00886nam a2200217 i 4500</leader>
		<controlfield tag="001">bimo0000782957</controlfield>
		<controlfield tag="005">20140224        </controlfield>
		<controlfield tag="008">900725s1889    sp            000 d spa  </controlfield>
		<datafield tag="016" ind1="7" ind2=" ">
			<subfield code="a">bimoBNE19980172493</subfield>
			<subfield code="2">SpMaBN</subfield>
		</datafield>
		<datafield tag="035" ind1=" " ind2=" ">
			<subfield code="a">(OCoLC)431600037</subfield>
		</datafield>
		<datafield tag="040" ind1=" " ind2=" ">
			<subfield code="a">SpMaBN</subfield>
			<subfield code="b">spa</subfield>
			<subfield code="c">A2</subfield>
			<subfield code="d">SpMaBN</subfield>
		</datafield>
		<datafield tag="080" ind1=" " ind2=" ">
			<subfield code="a">821.134.2-23&quot;18&quot;</subfield>
		</datafield>
		<datafield tag="100" ind1="1" ind2=" ">
			<subfield code="a">Dicenta, Joaquín</subfield>
			<subfield code="d">1863-1917</subfield>
		</datafield>
		<datafield tag="245" ind1="1" ind2="3">
			<subfield code="a">La mejor ley</subfield>
			<subfield code="h">[Texto impreso] :</subfield>
			<subfield code="b">drama en tres actos y en verso</subfield>
			<subfield code="c">original de Joaquín Dicenta</subfield>
		</datafield>
		<datafield tag="260" ind1=" " ind2=" ">
			<subfield code="a">[S.l.]</subfield>
			<subfield code="b">[s.n.]</subfield>
			<subfield code="c">1889</subfield>
			<subfield code="e">Madrid</subfield>
			<subfield code="f">Imp. de José Rodriguez</subfield>
		</datafield>
		<datafield tag="300" ind1=" " ind2=" ">
			<subfield code="a">96 p.</subfield>
			<subfield code="c">20 cm</subfield>
		</datafield>
		<datafield tag="856" ind1="4" ind2="1">
			<subfield code="u">http://bdh-rd.bne.es/viewer.vm?id=0000104085&amp;page=1</subfield>
			<subfield code="y">Biblioteca Digital Hispánica</subfield>
		</datafield>
		<datafield tag="956" ind1=" " ind2=" ">
			<subfield code="a">1</subfield>
		</datafield>
		<datafield tag="980" ind1=" " ind2=" ">
			<subfield code=".">563.   </subfield>
			<subfield code="a">Holandesa, conservando la original</subfield>
			<subfield code=".">583.   </subfield>
			<subfield code="l">Papel ácido</subfield>
			<subfield code=".">852. 40</subfield>
			<subfield code="a">M-BN</subfield>
			<subfield code="b">BNMADRID</subfield>
			<subfield code="j">T/2835</subfield>
			<subfield code="z">Firma de José Rodríguez</subfield>
			<subfield code="x">D043650</subfield>
			<subfield code="x">FA </subfield>
			<subfield code="c">SALA_CERV</subfield>
		</datafield>
		<datafield tag="899" ind1=" " ind2=" ">
			<subfield code="j">T/2835</subfield>
			<subfield code="x">DIG XIX</subfield>
		</datafield>
		<datafield tag="899" ind1=" " ind2=" ">
			<subfield code="x">dig821(460)dig</subfield>
		</datafield>
	</record>