
	<record>
		<leader>01380ncm a22003251  4500</leader>
		<controlfield tag="001">bipa0000045265</controlfield>
		<controlfield tag="005">20140528        </controlfield>
		<controlfield tag="008">001112s1908    sp sga //      n    mul/ </controlfield>
		<datafield tag="015" ind1=" " ind2=" ">
			<subfield code="a">CCIM</subfield>
		</datafield>
		<datafield tag="016" ind1="7" ind2=" ">
			<subfield code="a">bipaBNE20010289122</subfield>
			<subfield code="z">PARBI00003921</subfield>
			<subfield code="2">SpMaBN</subfield>
		</datafield>
		<datafield tag="028" ind1="3" ind2="1">
			<subfield code="a">C.D. 41627</subfield>
		</datafield>
		<datafield tag="035" ind1=" " ind2=" ">
			<subfield code="a">(OCoLC)435728133</subfield>
		</datafield>
		<datafield tag="040" ind1=" " ind2=" ">
			<subfield code="a">SpMaBN</subfield>
			<subfield code="b">spa</subfield>
			<subfield code="c">SpMaBN</subfield>
			<subfield code="e">rdc</subfield>
		</datafield>
		<datafield tag="084" ind1=" " ind2=" ">
			<subfield code="a">3.1</subfield>
		</datafield>
		<datafield tag="100" ind1="1" ind2="0">
			<subfield code="a">Villar, Rogelio del</subfield>
			<subfield code="d">1875-1937</subfield>
		</datafield>
		<datafield tag="245" ind1="1" ind2="1">
			<subfield code="a">&quot;Llanto en mi corazón--&quot;</subfield>
			<subfield code="h">[Música notada]</subfield>
			<subfield code="b">= &quot;Il pleure dans mon coeur--&quot;</subfield>
			<subfield code="c">versos de P. Verlaine ; traducción de E. Díez-Canedo ; música de R. Villar</subfield>
		</datafield>
		<datafield tag="260" ind1="0" ind2=" ">
			<subfield code="a">Madrid</subfield>
			<subfield code="a">Bilbao</subfield>
			<subfield code="b">Casa Dotésio</subfield>
			<subfield code="c">[1908]</subfield>
		</datafield>
		<datafield tag="300" ind1=" " ind2=" ">
			<subfield code="a">1 partitura (3 p.)</subfield>
			<subfield code="c">35 cm</subfield>
		</datafield>
		<datafield tag="500" ind1=" " ind2=" ">
			<subfield code="a">Dedicada a la distinguida Sra. Amelia Romea de Laiglesia</subfield>
		</datafield>
		<datafield tag="594" ind1=" " ind2=" ">
			<subfield code="a">Voz y piano</subfield>
		</datafield>
		<datafield tag="594" ind1=" " ind2=" ">
			<subfield code="a">Con letra en castellano y francés</subfield>
		</datafield>
		<datafield tag="596" ind1=" " ind2=" ">
			<subfield code="a">Fecha de publicación tomada de La música en el Boletín de la Propiedad Intelectual, 1997</subfield>
		</datafield>
		<datafield tag="650" ind1=" " ind2="7">
			<subfield code="a">Canciones con piano</subfield>
			<subfield code="2">embne</subfield>
		</datafield>
		<datafield tag="700" ind1="1" ind2="1">
			<subfield code="a">Díez-Canedo, Enrique</subfield>
			<subfield code="d">1879-1944</subfield>
		</datafield>
		<datafield tag="700" ind1="1" ind2="1">
			<subfield code="a">Verlaine, Paul</subfield>
			<subfield code="d">1844-1896</subfield>
		</datafield>
		<datafield tag="740" ind1="3" ind2="1">
			<subfield code="a">Il pleure dans mon coeur.</subfield>
		</datafield>
		<datafield tag="856" ind1="4" ind2="1">
			<subfield code="u">http://bdh-rd.bne.es/viewer.vm?id=0000141650&amp;page=1</subfield>
			<subfield code="y">Biblioteca Digital Hispánica</subfield>
		</datafield>
		<datafield tag="899" ind1=" " ind2=" ">
			<subfield code="j">MP/260/12</subfield>
			<subfield code="x">dig78dig</subfield>
		</datafield>
		<datafield tag="956" ind1=" " ind2=" ">
			<subfield code="a">1</subfield>
		</datafield>
		<datafield tag="980" ind1=" " ind2=" ">
			<subfield code=".">561.   </subfield>
			<subfield code="a">Reg. Prop. Intel.</subfield>
			<subfield code=".">852. 40</subfield>
			<subfield code="a">M-BN</subfield>
			<subfield code="b">BNMADRID</subfield>
			<subfield code="9">PA00023442</subfield>
			<subfield code="j">Mp/260/12</subfield>
			<subfield code="z">Firma ms. de J. Conde y rúbricas</subfield>
			<subfield code="x">MU</subfield>
			<subfield code="c">SALA_BARBI</subfield>
		</datafield>
	</record>