
	<record>
		<leader>02328ncm a22004091  4500</leader>
		<controlfield tag="001">bipa0000061384</controlfield>
		<controlfield tag="005">20140528        </controlfield>
		<controlfield tag="008">001112s1906    sp sga //      n    spa/ </controlfield>
		<datafield tag="015" ind1=" " ind2=" ">
			<subfield code="a">CCIM</subfield>
		</datafield>
		<datafield tag="016" ind1="7" ind2=" ">
			<subfield code="a">bipaBNE20010289212</subfield>
			<subfield code="z">PARBI00003930</subfield>
			<subfield code="2">SpMaBN</subfield>
		</datafield>
		<datafield tag="028" ind1="3" ind2="1">
			<subfield code="a">41097</subfield>
		</datafield>
		<datafield tag="035" ind1=" " ind2=" ">
			<subfield code="a">(OCoLC)435749879</subfield>
		</datafield>
		<datafield tag="040" ind1=" " ind2=" ">
			<subfield code="a">SpMaBN</subfield>
			<subfield code="b">spa</subfield>
			<subfield code="c">SpMaBN</subfield>
			<subfield code="e">rdc</subfield>
		</datafield>
		<datafield tag="084" ind1=" " ind2=" ">
			<subfield code="a">3.1</subfield>
		</datafield>
		<datafield tag="100" ind1="1" ind2=" ">
			<subfield code="a">Villar, Rogelio del</subfield>
			<subfield code="d">1875-1937</subfield>
		</datafield>
		<datafield tag="240" ind1="1" ind2="0">
			<subfield code="a">Tres melodías para canto y piano.</subfield>
			<subfield code="n">N. 1,</subfield>
			<subfield code="p">Elegía de otoño</subfield>
		</datafield>
		<datafield tag="245" ind1="0" ind2="0">
			<subfield code="a">Tres melodías para canto y piano</subfield>
			<subfield code="p">Elegía de otoño</subfield>
			<subfield code="h">[Música notada]</subfield>
			<subfield code="c">letra de Enrique Díez-Canedo ; música de R. Villar</subfield>
		</datafield>
		<datafield tag="260" ind1="0" ind2=" ">
			<subfield code="a">Madrid (Carrera de Sn. Jerónimo, 34 y Preciados, 5)</subfield>
			<subfield code="b">Sociedad Anónima Casa Dotesio</subfield>
			<subfield code="c">[1906]</subfield>
		</datafield>
		<datafield tag="300" ind1=" " ind2=" ">
			<subfield code="a">1 partitura (7, [1] p.)</subfield>
			<subfield code="c">34 cm</subfield>
		</datafield>
		<datafield tag="500" ind1=" " ind2=" ">
			<subfield code="a">Nº 13802 de La música en el Boletín de la Propiedad Intelectual, Biblioteca Nacional, 1997</subfield>
		</datafield>
		<datafield tag="500" ind1=" " ind2=" ">
			<subfield code="a">Portada ilustrada en color</subfield>
		</datafield>
		<datafield tag="500" ind1=" " ind2=" ">
			<subfield code="a">En la última página, texto de los tres poemas: &quot;Elegía de Otoño, Alegría primaveral y Nocturno galante&quot;</subfield>
		</datafield>
		<datafield tag="500" ind1=" " ind2=" ">
			<subfield code="a">En la portada, títulos de las otras partes que forman la obra</subfield>
		</datafield>
		<datafield tag="500" ind1=" " ind2=" ">
			<subfield code="a">En la portada: &quot;Ediciones Casa Dotesio&quot;</subfield>
		</datafield>
		<datafield tag="500" ind1=" " ind2=" ">
			<subfield code="a">Ded.: &quot;A Cecilio de Roda&quot;</subfield>
		</datafield>
		<datafield tag="596" ind1=" " ind2=" ">
			<subfield code="a">Fecha de publicación tomada de La música en el Boletín de la Propiedad Intelectual, 1997</subfield>
		</datafield>
		<datafield tag="596" ind1=" " ind2=" ">
			<subfield code="a">En la portada: &quot;Bilbao: 8, Dña. María Muñoz ; Santander: 7, Wald -Ras, 7 ; Barcelona: Puerta del ángel, 1 y 3 ; agence pour la vente en France et à L'etranger L.E. Dotésio et Cie., 47, rue Vivienne, 47, Paris&quot;</subfield>
		</datafield>
		<datafield tag="600" ind1="1" ind2="7">
			<subfield code="a">Díez-Canedo, Enrique</subfield>
			<subfield code="d">1879-1944</subfield>
			<subfield code="t">Otoño murió</subfield>
			<subfield code="x">Adaptaciones musicales</subfield>
			<subfield code="2">embne</subfield>
		</datafield>
		<datafield tag="650" ind1=" " ind2="7">
			<subfield code="a">Canciones con piano</subfield>
			<subfield code="2">embne</subfield>
		</datafield>
		<datafield tag="650" ind1=" " ind2="7">
			<subfield code="a">Poesía española</subfield>
			<subfield code="y">S.XIX</subfield>
			<subfield code="x">Adaptaciones musicales</subfield>
			<subfield code="2">embne</subfield>
		</datafield>
		<datafield tag="700" ind1="1" ind2=" ">
			<subfield code="a">Villar, Rogelio del</subfield>
			<subfield code="d">1875-1937</subfield>
			<subfield code="t">Elegía de otoño</subfield>
		</datafield>
		<datafield tag="700" ind1="1" ind2=" ">
			<subfield code="a">Díez-Canedo, Enrique</subfield>
			<subfield code="d">1879-1944</subfield>
		</datafield>
		<datafield tag="740" ind1="0" ind2=" ">
			<subfield code="a">Elegía de otoño.</subfield>
		</datafield>
		<datafield tag="856" ind1="4" ind2="1">
			<subfield code="u">http://bdh-rd.bne.es/viewer.vm?id=0000141661&amp;page=1</subfield>
			<subfield code="y">Biblioteca Digital Hispánica</subfield>
		</datafield>
		<datafield tag="899" ind1=" " ind2=" ">
			<subfield code="j">MP/260/22</subfield>
			<subfield code="x">dig78dig</subfield>
		</datafield>
		<datafield tag="956" ind1=" " ind2=" ">
			<subfield code="a">1</subfield>
		</datafield>
		<datafield tag="980" ind1=" " ind2=" ">
			<subfield code=".">561.   </subfield>
			<subfield code="a">Proc. Registro Propiedad Intelectual</subfield>
			<subfield code=".">852. 40</subfield>
			<subfield code="a">M-BN</subfield>
			<subfield code="b">BNMADRID</subfield>
			<subfield code="9">PA00028219</subfield>
			<subfield code="j">Mp/260/22</subfield>
			<subfield code="z">Números de ingreso en el Reg. de la Prop. Intel.</subfield>
			<subfield code="z">Firma ms. de J. Conde</subfield>
			<subfield code="u">Sello gofrado del editor: &quot;Casa Dotesio, Sociedad Anónima, Bilbao&quot;</subfield>
			<subfield code="x">MU</subfield>
			<subfield code="c">SALA_BARBI</subfield>
		</datafield>
	</record>