
	<record>
		<leader>03021nji a22004811i 4500</leader>
		<controlfield tag="001">biso0000579611</controlfield>
		<controlfield tag="005">20140227        </controlfield>
		<controlfield tag="007">sd dmsdnnmslue</controlfield>
		<controlfield tag="008">930829s1949    sp tl            1  spa  </controlfield>
		<datafield tag="015" ind1=" " ind2=" ">
			<subfield code="a">SONPZ</subfield>
			<subfield code="a">SON5</subfield>
		</datafield>
		<datafield tag="028" ind1="1" ind2="0">
			<subfield code="a">C 8455, C 8456, C 8457, C8458, C 8459, C8460, C 8461</subfield>
		</datafield>
		<datafield tag="028" ind1="0" ind2="0">
			<subfield code="a">R 14788 a R 14791</subfield>
			<subfield code="b">Columbia</subfield>
		</datafield>
		<datafield tag="040" ind1=" " ind2=" ">
			<subfield code="a">SpMaBN</subfield>
			<subfield code="b">spa</subfield>
		</datafield>
		<datafield tag="084" ind1=" " ind2=" ">
			<subfield code="a">5</subfield>
			<subfield code="2">MU</subfield>
		</datafield>
		<datafield tag="100" ind1="1" ind2=" ">
			<subfield code="a">Moreno Torroba, Federico</subfield>
			<subfield code="d">1891-1982</subfield>
		</datafield>
		<datafield tag="245" ind1="1" ind2="3">
			<subfield code="a">El cantar del organillo</subfield>
			<subfield code="c">L. Fernández Ardavín y F. Moreno Torroba</subfield>
		</datafield>
		<datafield tag="260" ind1=" " ind2=" ">
			<subfield code="a">[San Sebastián</subfield>
			<subfield code="b">Fábrica de Discos Columbia. Juan Inurrieta</subfield>
			<subfield code="c">1949]</subfield>
		</datafield>
		<datafield tag="300" ind1=" " ind2=" ">
			<subfield code="a">4 discos (6 min c/u.)</subfield>
			<subfield code="b">78 rpm</subfield>
			<subfield code="c">25 cm</subfield>
		</datafield>
		<datafield tag="336" ind1=" " ind2=" ">
			<subfield code="a">Música (interpretada)</subfield>
			<subfield code="2">isbdcontent</subfield>
		</datafield>
		<datafield tag="337" ind1=" " ind2=" ">
			<subfield code="a">audio</subfield>
			<subfield code="2">isbdmedia</subfield>
		</datafield>
		<datafield tag="500" ind1=" " ind2=" ">
			<subfield code="a">Etiqueta roja con logo Columbia y Notas Mágicas en dorado</subfield>
		</datafield>
		<datafield tag="500" ind1=" " ind2=" ">
			<subfield code="a">Estrenada el 19 de abril de 1949</subfield>
		</datafield>
		<datafield tag="505" ind1="0" ind2=" ">
			<subfield code="a">Disco 1. Cara A: Romanza de Carmela. Cara B: Canción de José -- Disco 2. Cara A: Duo de Carmela y José. Cara B: El silencio del barrio : canción bolero-- Disco 3. Cara A: Cogete bien de mi brazo : schottish. Cara B: Se rifa un beso : canción -- Disco 4. Cara A: Mazurca del organillo. Cara B: Terceto del abanico</subfield>
		</datafield>
		<datafield tag="510" ind1="4" ind2=" ">
			<subfield code="a">Incluido en el Catálogo de discos de 78 rpm en la B.N.</subfield>
			<subfield code="c">n. 2872</subfield>
		</datafield>
		<datafield tag="511" ind1="1" ind2=" ">
			<subfield code="a">Marianela Barandalla, Pedro Terol, Encarnita Máñez, Elsa del Campo, con acompañamiento de orquesta ; dir. F. Moreno Torroba</subfield>
		</datafield>
		<datafield tag="533" ind1=" " ind2=" ">
			<subfield code="a">Copia digital de conservación (CD y DAT), 1995-2000</subfield>
		</datafield>
		<datafield tag="596" ind1=" " ind2=" ">
			<subfield code="a">Datos de publicación tomados de hojas declaratorias de D.L.</subfield>
		</datafield>
		<datafield tag="650" ind1=" " ind2="7">
			<subfield code="a">Zarzuelas</subfield>
			<subfield code="2">embne</subfield>
		</datafield>
		<datafield tag="700" ind1="1" ind2=" ">
			<subfield code="a">Fernández Ardavín, Luis</subfield>
			<subfield code="d">1891-1962</subfield>
		</datafield>
		<datafield tag="700" ind1="1" ind2=" ">
			<subfield code="a">Barandalla, Marianela</subfield>
			<subfield code="d">m. 2000</subfield>
			<subfield code="e">int.</subfield>
		</datafield>
		<datafield tag="700" ind1="1" ind2=" ">
			<subfield code="a">Máñez, Encarnita</subfield>
			<subfield code="e">int.</subfield>
		</datafield>
		<datafield tag="700" ind1="1" ind2=" ">
			<subfield code="a">Terol, Pedro</subfield>
			<subfield code="d">1908-2003</subfield>
		</datafield>
		<datafield tag="700" ind1="1" ind2=" ">
			<subfield code="a">Campo, Elsa del</subfield>
			<subfield code="e">int.</subfield>
		</datafield>
		<datafield tag="856" ind1="4" ind2="1">
			<subfield code="u">http://bdh.bne.es/bnesearch/detalle/bdh0000011721</subfield>
			<subfield code="y">Biblioteca Digital Hispánica</subfield>
		</datafield>
		<datafield tag="956" ind1=" " ind2=" ">
			<subfield code="a">1</subfield>
		</datafield>
		<datafield tag="980" ind1=" " ind2=" ">
			<subfield code=".">541.   </subfield>
			<subfield code="c">Compra de la colección de cantantes líricos a</subfield>
			<subfield code="a">María Inés Pérez Vázquez</subfield>
			<subfield code="b">La Coruña</subfield>
			<subfield code="d">octubre de 2006</subfield>
			<subfield code=".">852. 40</subfield>
			<subfield code="a">M-BN</subfield>
			<subfield code="b">BNMADRID</subfield>
			<subfield code="c">SALA_BARBI</subfield>
			<subfield code="j">Ds/14052/11-Ds/14052/14</subfield>
			<subfield code=".">853. 22</subfield>
			<subfield code="8">1</subfield>
			<subfield code="a">v.</subfield>
			<subfield code=".">866. 40</subfield>
			<subfield code="8">0</subfield>
			<subfield code="a">4 v.</subfield>
		</datafield>
		<datafield tag="980" ind1=" " ind2=" ">
			<subfield code=".">852. 40</subfield>
			<subfield code="a">M-BN</subfield>
			<subfield code="b">BNMADRID</subfield>
			<subfield code="9">DD00298239</subfield>
			<subfield code="j">Ds/321/7-Ds/321/10</subfield>
			<subfield code="x">MU</subfield>
			<subfield code="c">SALA_BARBI</subfield>
			<subfield code=".">853. 20</subfield>
			<subfield code="8">001</subfield>
			<subfield code="a">v.</subfield>
			<subfield code=".">863. 43</subfield>
			<subfield code="8">1.1</subfield>
			<subfield code="a">1</subfield>
			<subfield code="z">Sellos &quot;Derechos Autor Corriente&quot;</subfield>
			<subfield code="z">Sellos &quot;Derechos Autor Corriente&quot;</subfield>
			<subfield code=".">863. 43</subfield>
			<subfield code="8">1.2</subfield>
			<subfield code="a">2</subfield>
			<subfield code="z">Sellos &quot;Derechos Autor Corriente&quot;</subfield>
			<subfield code="z">Sellos &quot;Derechos Autor Corriente&quot;</subfield>
			<subfield code=".">863. 43</subfield>
			<subfield code="8">1.3</subfield>
			<subfield code="a">3</subfield>
			<subfield code="z">Sellos &quot;Derechos Autor Corriente&quot;</subfield>
			<subfield code="z">Sellos &quot;Derechos Autor Corriente&quot;</subfield>
			<subfield code=".">863. 43</subfield>
			<subfield code="8">1.4</subfield>
			<subfield code="a">4</subfield>
			<subfield code="z">Sellos &quot;Derechos Autor Corriente&quot;</subfield>
			<subfield code="z">Sellos &quot;Derechos Autor Corriente&quot;</subfield>
			<subfield code=".">866.  0</subfield>
			<subfield code="8">0</subfield>
			<subfield code="a">4 discos de pizarra</subfield>
		</datafield>
		<datafield tag="980" ind1=" " ind2=" ">
			<subfield code=".">843.   </subfield>
			<subfield code="a">Disco compacto</subfield>
			<subfield code="b">Sevilla</subfield>
			<subfield code="c">Fonotrón</subfield>
			<subfield code="d">2001</subfield>
			<subfield code="e">1 disco cd; 12 cm</subfield>
			<subfield code=".">852. 40</subfield>
			<subfield code="a">M-BN</subfield>
			<subfield code="b">BNMADRID</subfield>
			<subfield code="j">Soncd/364(7-14)</subfield>
			<subfield code="z">Reproducción de las obras del &quot;Cat. 78 rpm en la BN&quot;: Nº 2869-2873</subfield>
			<subfield code="x">MU</subfield>
			<subfield code="c">SALA_BARBI</subfield>
		</datafield>
		<datafield tag="899" ind1=" " ind2=" ">
			<subfield code="j">Ds/321/7-Ds/321/10</subfield>
			<subfield code="x">dig78dig</subfield>
		</datafield>
		<datafield tag="899" ind1=" " ind2=" ">
			<subfield code="j">DS/14052/11</subfield>
			<subfield code="Z">V. 1</subfield>
		</datafield>
		<datafield tag="899" ind1=" " ind2=" ">
			<subfield code="j">DS/14052/12</subfield>
			<subfield code="Z">V. 2</subfield>
		</datafield>
		<datafield tag="899" ind1=" " ind2=" ">
			<subfield code="j">DS/14052/13</subfield>
			<subfield code="Z">V. 3</subfield>
		</datafield>
		<datafield tag="899" ind1=" " ind2=" ">
			<subfield code="j">DS/14052/14</subfield>
			<subfield code="Z">V. 4</subfield>
		</datafield>
	</record>