
	<record>
		<leader>01970njm a2200397   4500</leader>
		<controlfield tag="001">biso0000729425</controlfield>
		<controlfield tag="005">20140227        </controlfield>
		<controlfield tag="007">sd dmsdnnmslub</controlfield>
		<controlfield tag="008">041008q1941    sp tl            1  spa  </controlfield>
		<datafield tag="015" ind1=" " ind2=" ">
			<subfield code="a">SONPZ</subfield>
			<subfield code="a">SON5</subfield>
		</datafield>
		<datafield tag="028" ind1="1" ind2="0">
			<subfield code="a">C 5038, C 5042</subfield>
		</datafield>
		<datafield tag="028" ind1="0" ind2="0">
			<subfield code="a">V 9014</subfield>
			<subfield code="b">Columbia</subfield>
		</datafield>
		<datafield tag="035" ind1=" " ind2=" ">
			<subfield code="a">(OCoLC)431227061</subfield>
		</datafield>
		<datafield tag="040" ind1=" " ind2=" ">
			<subfield code="a">SpMaBN</subfield>
			<subfield code="b">spa</subfield>
			<subfield code="c">SpMaBN</subfield>
			<subfield code="e">rdc</subfield>
		</datafield>
		<datafield tag="084" ind1=" " ind2=" ">
			<subfield code="a">5</subfield>
			<subfield code="2">MU</subfield>
		</datafield>
		<datafield tag="100" ind1="1" ind2=" ">
			<subfield code="a">Alonso, Francisco</subfield>
			<subfield code="d">1887-1948</subfield>
		</datafield>
		<datafield tag="240" ind1="1" ind2="0">
			<subfield code="a">Manuelita Rosas.</subfield>
			<subfield code="n">N. 10,</subfield>
			<subfield code="p">Bajo la luz de La Pampa</subfield>
		</datafield>
		<datafield tag="245" ind1="1" ind2="0">
			<subfield code="a">Manolita [sic] Rosas</subfield>
			<subfield code="p">Canto a La Pampa, Tú me has vuelto la espalda : romanza</subfield>
			<subfield code="h">[Grabación sonora]</subfield>
			<subfield code="c">L. Fernández Ardavín y F. Alonso</subfield>
		</datafield>
		<datafield tag="260" ind1=" " ind2=" ">
			<subfield code="a">[San Sebastián</subfield>
			<subfield code="b">Fabrica de Discos Columbia</subfield>
			<subfield code="c">ca. 1941]</subfield>
		</datafield>
		<datafield tag="300" ind1=" " ind2=" ">
			<subfield code="a">1 disco (6 min)</subfield>
			<subfield code="b">78 rpm</subfield>
			<subfield code="c">25 cm</subfield>
		</datafield>
		<datafield tag="500" ind1=" " ind2=" ">
			<subfield code="a">Etiqueta verde con logo &quot;Doble Nota&quot; y Notas Mágicas en dorado</subfield>
		</datafield>
		<datafield tag="500" ind1=" " ind2=" ">
			<subfield code="a">Estrenada en el Teatro Calderón de Madrid, 21 enero 1941</subfield>
		</datafield>
		<datafield tag="511" ind1="1" ind2=" ">
			<subfield code="a">Conchita Panadés, Fernando Heras y Coros del Teatro Calderón -- Fernando Heras ; Acompañados por la Gran Orq. del Teatro Calderón de Madrid ; dirección, F. Alonso</subfield>
		</datafield>
		<datafield tag="533" ind1=" " ind2=" ">
			<subfield code="a">Copia digital de conservación (CD y DAT), 2000</subfield>
		</datafield>
		<datafield tag="650" ind1=" " ind2="7">
			<subfield code="a">Zarzuelas</subfield>
			<subfield code="x">Fragmentos</subfield>
			<subfield code="2">embne</subfield>
		</datafield>
		<datafield tag="700" ind1="1" ind2="2">
			<subfield code="a">Alonso, Francisco</subfield>
			<subfield code="d">1887-1948</subfield>
			<subfield code="t">Manuelita Rosas.</subfield>
			<subfield code="n">N. 8,</subfield>
			<subfield code="p">Tú me has vuelto la espalda</subfield>
		</datafield>
		<datafield tag="700" ind1="1" ind2=" ">
			<subfield code="a">Fernández Ardavín, Luis</subfield>
			<subfield code="d">1891-1962</subfield>
		</datafield>
		<datafield tag="700" ind1="1" ind2=" ">
			<subfield code="a">Panadés, Conchita</subfield>
			<subfield code="d">1908-1981</subfield>
			<subfield code="e">int.</subfield>
		</datafield>
		<datafield tag="700" ind1="1" ind2=" ">
			<subfield code="a">Heras, Fernando</subfield>
			<subfield code="e">int.</subfield>
		</datafield>
		<datafield tag="710" ind1="2" ind2=" ">
			<subfield code="a">Teatro Calderón (Madrid)</subfield>
			<subfield code="b">Coro</subfield>
		</datafield>
		<datafield tag="710" ind1="2" ind2=" ">
			<subfield code="a">Gran Orquesta Sinfónica del Teatro Calderón de Madrid</subfield>
		</datafield>
		<datafield tag="856" ind1="4" ind2="1">
			<subfield code="u">http://bdh.bne.es/bnesearch/detalle/bdh0000013200</subfield>
			<subfield code="y">Biblioteca Digital Hispánica</subfield>
		</datafield>
		<datafield tag="956" ind1=" " ind2=" ">
			<subfield code="a">1</subfield>
		</datafield>
		<datafield tag="980" ind1=" " ind2=" ">
			<subfield code=".">541.   </subfield>
			<subfield code="c">Compra de la colección de cantantes líricos a</subfield>
			<subfield code="a">María Inés Pérez Vázquez</subfield>
			<subfield code="b">La Coruña</subfield>
			<subfield code="d">octubre de 2006</subfield>
			<subfield code=".">852. 40</subfield>
			<subfield code="a">M-BN</subfield>
			<subfield code="b">BNMADRID</subfield>
			<subfield code="c">SALA_BARBI</subfield>
			<subfield code="j">Ds/14063/8</subfield>
			<subfield code="z">Timbres de Regal</subfield>
		</datafield>
		<datafield tag="980" ind1=" " ind2=" ">
			<subfield code=".">852. 40</subfield>
			<subfield code="a">M-BN</subfield>
			<subfield code="b">BNMADRID</subfield>
			<subfield code="9">DD00289718</subfield>
			<subfield code="j">Ds/9456/5</subfield>
			<subfield code="x">MU</subfield>
			<subfield code="c">SALA_BARBI</subfield>
		</datafield>
		<datafield tag="899" ind1=" " ind2=" ">
			<subfield code="j">DS/9456/5</subfield>
			<subfield code="x">dig78dig</subfield>
		</datafield>
	</record>