
	<record>
		<leader>02176njm a22004331i 4500</leader>
		<controlfield tag="001">biso0000602620</controlfield>
		<controlfield tag="005">20140227        </controlfield>
		<controlfield tag="007">sd dmsdnnmslue</controlfield>
		<controlfield tag="008">930829s1940    sp za            1  spa  </controlfield>
		<datafield tag="015" ind1=" " ind2=" ">
			<subfield code="a">SONPZ</subfield>
			<subfield code="a">SON5</subfield>
		</datafield>
		<datafield tag="028" ind1="1" ind2="0">
			<subfield code="a">WK 3277,  WK 3280, WK 3278, WK 3279, WK 3281, WK 3282, WK 3290, WK 3291</subfield>
		</datafield>
		<datafield tag="028" ind1="0" ind2="0">
			<subfield code="a">R 14000 a R 14003</subfield>
			<subfield code="b">Columbia</subfield>
		</datafield>
		<datafield tag="035" ind1=" " ind2=" ">
			<subfield code="a">(OCoLC)776611031</subfield>
		</datafield>
		<datafield tag="040" ind1=" " ind2=" ">
			<subfield code="a">SpMaBN</subfield>
			<subfield code="b">spa</subfield>
			<subfield code="c">SpMaBN</subfield>
			<subfield code="e">rdc</subfield>
		</datafield>
		<datafield tag="084" ind1=" " ind2=" ">
			<subfield code="a">5</subfield>
			<subfield code="2">MU</subfield>
		</datafield>
		<datafield tag="100" ind1="1" ind2=" ">
			<subfield code="a">Guerrero, Jacinto</subfield>
			<subfield code="d">1895-1951</subfield>
		</datafield>
		<datafield tag="245" ind1="1" ind2="3">
			<subfield code="a">El ama</subfield>
			<subfield code="h">[Grabación sonora]</subfield>
			<subfield code="c">L. Fernández Ardavín y Jacinto Guerrero</subfield>
		</datafield>
		<datafield tag="260" ind1=" " ind2=" ">
			<subfield code="a">San Sebastián</subfield>
			<subfield code="b">Fábrica de Discos Columbia</subfield>
			<subfield code="c">[1940]</subfield>
		</datafield>
		<datafield tag="300" ind1=" " ind2=" ">
			<subfield code="a">4 discos (6 min c/u.)</subfield>
			<subfield code="b">78 rpm</subfield>
			<subfield code="c">25 cm</subfield>
		</datafield>
		<datafield tag="500" ind1=" " ind2=" ">
			<subfield code="a">Disco 1º Etiqueta roja ; Discos 2º,3º y 4º Etiqueta rosa</subfield>
		</datafield>
		<datafield tag="500" ind1=" " ind2=" ">
			<subfield code="a">Estrenada en el Teatro Ideal el 24 de marzo de 1933</subfield>
		</datafield>
		<datafield tag="510" ind1="4" ind2=" ">
			<subfield code="a">Incluido en el &quot;Catálogo de discos de 78 rpm en la B.N.&quot;, nº 1125</subfield>
		</datafield>
		<datafield tag="511" ind1="1" ind2=" ">
			<subfield code="a">Marcos Redondo, A. Lledó, Pepe Romeu, Rosita Cadenas, M. Alares, coro y orquesta</subfield>
		</datafield>
		<datafield tag="533" ind1=" " ind2=" ">
			<subfield code="a">Copia digital de conservación (CD y DAT), 1995-2000</subfield>
		</datafield>
		<datafield tag="596" ind1=" " ind2=" ">
			<subfield code="a">Fecha de publicación tomada de hojas declaratorias de D.L.</subfield>
		</datafield>
		<datafield tag="650" ind1=" " ind2="7">
			<subfield code="a">Zarzuelas</subfield>
			<subfield code="2">embne</subfield>
		</datafield>
		<datafield tag="700" ind1="1" ind2=" ">
			<subfield code="a">Fernández Ardavín, Luis</subfield>
			<subfield code="d">1891-1962</subfield>
		</datafield>
		<datafield tag="700" ind1="1" ind2=" ">
			<subfield code="a">Redondo, Marcos</subfield>
			<subfield code="d">1893-1976</subfield>
			<subfield code="e">int.</subfield>
		</datafield>
		<datafield tag="700" ind1="1" ind2=" ">
			<subfield code="a">Lledó, Arturo</subfield>
			<subfield code="e">int.</subfield>
		</datafield>
		<datafield tag="700" ind1="1" ind2=" ">
			<subfield code="a">Romeu, Pepe</subfield>
			<subfield code="d">1900-1985</subfield>
			<subfield code="e">int.</subfield>
		</datafield>
		<datafield tag="700" ind1="1" ind2=" ">
			<subfield code="a">Cadenas, Rosita</subfield>
			<subfield code="e">int.</subfield>
		</datafield>
		<datafield tag="700" ind1="1" ind2=" ">
			<subfield code="a">Alares, Manuel</subfield>
			<subfield code="d">1894-</subfield>
			<subfield code="e">int.</subfield>
		</datafield>
		<datafield tag="775" ind1="1" ind2=" ">
			<subfield code="a">Guerrero, Jacinto</subfield>
			<subfield code="t">El ama</subfield>
			<subfield code="d">1933</subfield>
			<subfield code="h"> 4 discos</subfield>
			<subfield code="w">a4675357</subfield>
		</datafield>
		<datafield tag="775" ind1="1" ind2=" ">
			<subfield code="a">Guerrero, Jacinto</subfield>
			<subfield code="t">El ama</subfield>
			<subfield code="d">1940</subfield>
			<subfield code="h"> 4 discos</subfield>
			<subfield code="w">a4675273</subfield>
		</datafield>
		<datafield tag="856" ind1="4" ind2="1">
			<subfield code="u">http://bdh.bne.es/bnesearch/detalle/bdh0000006633</subfield>
			<subfield code="y">Biblioteca Digital Hispánica</subfield>
		</datafield>
		<datafield tag="956" ind1=" " ind2=" ">
			<subfield code="a">1</subfield>
		</datafield>
		<datafield tag="980" ind1=" " ind2=" ">
			<subfield code=".">852. 40</subfield>
			<subfield code="a">M-BN</subfield>
			<subfield code="b">BNMADRID</subfield>
			<subfield code="9">DD00298251</subfield>
			<subfield code="j">Ds/335/7-Ds/335/10</subfield>
			<subfield code="x">MU</subfield>
			<subfield code="c">SALA_BARBI</subfield>
			<subfield code=".">853. 20</subfield>
			<subfield code="8">001</subfield>
			<subfield code="a">v.</subfield>
			<subfield code=".">863. 43</subfield>
			<subfield code="8">1.1</subfield>
			<subfield code="a">1</subfield>
			<subfield code=".">863. 43</subfield>
			<subfield code="8">1.2</subfield>
			<subfield code="a">2</subfield>
			<subfield code=".">863. 43</subfield>
			<subfield code="8">1.3</subfield>
			<subfield code="a">3</subfield>
			<subfield code=".">863. 43</subfield>
			<subfield code="8">1.4</subfield>
			<subfield code="a">4</subfield>
			<subfield code=".">866.  0</subfield>
			<subfield code="8">0</subfield>
			<subfield code="a">4 discos de pizarra</subfield>
		</datafield>
		<datafield tag="980" ind1=" " ind2=" ">
			<subfield code=".">843.   </subfield>
			<subfield code="a">Disco compacto</subfield>
			<subfield code="b">Sevilla</subfield>
			<subfield code="c">Fonotrón</subfield>
			<subfield code="d">1997</subfield>
			<subfield code="e">1 disco cd; 12 cm</subfield>
			<subfield code=".">852. 40</subfield>
			<subfield code="a">M-BN</subfield>
			<subfield code="b">BNMADRID</subfield>
			<subfield code="j">Soncd/158(15-20)-Soncd/159(1-2)</subfield>
			<subfield code="z">Reproducción de las obras del &quot;Cat. 78 rpm en la BN&quot;: Nº 1118-1125</subfield>
			<subfield code="x">MU</subfield>
			<subfield code="c">SALA_BARBI</subfield>
		</datafield>
		<datafield tag="899" ind1=" " ind2=" ">
			<subfield code="j">Ds/335/7-Ds/335/10</subfield>
			<subfield code="x">dig78dig</subfield>
		</datafield>
	</record>