
	<record>
		<leader>02106njm a2200469   4500</leader>
		<controlfield tag="001">biso0000204778</controlfield>
		<controlfield tag="005">20140227        </controlfield>
		<controlfield tag="007">sd*dmsdnnmslue</controlfield>
		<controlfield tag="008">041220s1933    sp tl            1  spa  </controlfield>
		<datafield tag="015" ind1=" " ind2=" ">
			<subfield code="a">SONPZ</subfield>
			<subfield code="a">SON5</subfield>
		</datafield>
		<datafield tag="028" ind1="1" ind2="0">
			<subfield code="a">OJ 1033, OJ 1037</subfield>
		</datafield>
		<datafield tag="028" ind1="0" ind2="0">
			<subfield code="a">110-2939, 110-2940</subfield>
		</datafield>
		<datafield tag="028" ind1="0" ind2="0">
			<subfield code="a">DA 4238</subfield>
			<subfield code="b">Disco Gramófono</subfield>
		</datafield>
		<datafield tag="035" ind1=" " ind2=" ">
			<subfield code="a">(OCoLC)431062467</subfield>
		</datafield>
		<datafield tag="040" ind1=" " ind2=" ">
			<subfield code="a">SpMaBN</subfield>
			<subfield code="b">spa</subfield>
			<subfield code="c">SpMaBN</subfield>
			<subfield code="e">rdc</subfield>
		</datafield>
		<datafield tag="084" ind1=" " ind2=" ">
			<subfield code="a">5</subfield>
			<subfield code="2">MU</subfield>
		</datafield>
		<datafield tag="084" ind1=" " ind2=" ">
			<subfield code="a">3.1</subfield>
			<subfield code="2">MU</subfield>
		</datafield>
		<datafield tag="100" ind1="1" ind2=" ">
			<subfield code="a">Guerrero, Jacinto</subfield>
			<subfield code="d">1895-1951</subfield>
		</datafield>
		<datafield tag="240" ind1="1" ind2="3">
			<subfield code="a">El ama</subfield>
			<subfield code="p">Cuando cruzo la llanura</subfield>
		</datafield>
		<datafield tag="245" ind1="1" ind2="3">
			<subfield code="a">El ama.</subfield>
			<subfield code="p">Tonada castellana, Se me vería en la cara : dúo de Rafaela y Esteban</subfield>
			<subfield code="h">[Grabación sonora] </subfield>
			<subfield code="c">L. Fernández Ardavín y Jacinto Guerrero</subfield>
		</datafield>
		<datafield tag="260" ind1=" " ind2=" ">
			<subfield code="a">Barcelona</subfield>
			<subfield code="b">fabricado por la Compañía del Gramófono</subfield>
			<subfield code="c">[ca. 1933]</subfield>
		</datafield>
		<datafield tag="300" ind1=" " ind2=" ">
			<subfield code="a">1 disco (6 min)</subfield>
			<subfield code="b">78 rpm</subfield>
			<subfield code="c">25 cm</subfield>
		</datafield>
		<datafield tag="500" ind1=" " ind2=" ">
			<subfield code="a">Etiqueta roja con logo de &quot;La Voz de su Amo&quot; en color</subfield>
		</datafield>
		<datafield tag="500" ind1=" " ind2=" ">
			<subfield code="a">Estrenada en el Teatro Ideal el 24 de marzo de 1933</subfield>
		</datafield>
		<datafield tag="500" ind1=" " ind2=" ">
			<subfield code="a">En etiqueta: &quot;Ten. y c. ac. orq.&quot; y &quot;Dúo ac. orq.&quot;,  &quot;Español&quot;</subfield>
		</datafield>
		<datafield tag="511" ind1="1" ind2=" ">
			<subfield code="a">Juan García -- María Badía y Luis Sagi-Vela ; con acompañamiento de la Orquesta del Teatro Ideal ; dir.,  Guerrero</subfield>
		</datafield>
		<datafield tag="596" ind1=" " ind2=" ">
			<subfield code="a">Fecha de publicación basada en el estreno de la obra</subfield>
		</datafield>
		<datafield tag="650" ind1=" " ind2="7">
			<subfield code="a">Zarzuelas</subfield>
			<subfield code="x">Fragmentos</subfield>
			<subfield code="2">embne</subfield>
		</datafield>
		<datafield tag="650" ind1=" " ind2="7">
			<subfield code="a">Canciones (Tenor) con orquesta</subfield>
			<subfield code="2">embne</subfield>
		</datafield>
		<datafield tag="650" ind1=" " ind2="7">
			<subfield code="a">Dúos vocales con orquesta</subfield>
			<subfield code="2">embne</subfield>
		</datafield>
		<datafield tag="700" ind1="1" ind2="2">
			<subfield code="a">Guerrero, Jacinto</subfield>
			<subfield code="d">1895-1951</subfield>
			<subfield code="t">El ama</subfield>
			<subfield code="p">¿Qué tienes, Esteban?</subfield>
		</datafield>
		<datafield tag="700" ind1="1" ind2=" ">
			<subfield code="a">Fernández Ardavín, Luis</subfield>
			<subfield code="d">1891-1962</subfield>
		</datafield>
		<datafield tag="700" ind1="1" ind2=" ">
			<subfield code="a">García, Juan</subfield>
			<subfield code="d">1900-1969</subfield>
			<subfield code="e">int.</subfield>
		</datafield>
		<datafield tag="700" ind1="1" ind2=" ">
			<subfield code="a">Badía, María</subfield>
			<subfield code="d">n. 1900?</subfield>
			<subfield code="e">int.</subfield>
		</datafield>
		<datafield tag="700" ind1="1" ind2=" ">
			<subfield code="a">Sagi-Vela, Luis</subfield>
			<subfield code="d">1914-</subfield>
			<subfield code="e">int.</subfield>
		</datafield>
		<datafield tag="710" ind1="2" ind2=" ">
			<subfield code="a">Coro del Teatro Ideal de Madrid</subfield>
		</datafield>
		<datafield tag="710" ind1="2" ind2=" ">
			<subfield code="a">Orquesta del Teatro Ideal de Madrid</subfield>
		</datafield>
		<datafield tag="856" ind1="4" ind2="1">
			<subfield code="u">http://bdh.bne.es/bnesearch/detalle/bdh0000012839</subfield>
			<subfield code="y">Biblioteca Digital Hispánica</subfield>
		</datafield>
		<datafield tag="956" ind1=" " ind2=" ">
			<subfield code="a">1</subfield>
		</datafield>
		<datafield tag="980" ind1=" " ind2=" ">
			<subfield code=".">852. 40</subfield>
			<subfield code="a">M-BN</subfield>
			<subfield code="b">BN-MADRID</subfield>
			<subfield code="c">SALA_BARBI</subfield>
			<subfield code="j">Ds/14185/2</subfield>
			<subfield code="z">Timbre: &quot;Cª del Gramófono&quot; con la firma de Guerrero y Ardavin</subfield>
		</datafield>
		<datafield tag="980" ind1=" " ind2=" ">
			<subfield code=".">852. 40</subfield>
			<subfield code="a">M-BN</subfield>
			<subfield code="b">BNMADRID</subfield>
			<subfield code="9">DD00292965</subfield>
			<subfield code="j">Ds/9464/1</subfield>
			<subfield code="x">MU</subfield>
			<subfield code="c">SALA_BARBI</subfield>
		</datafield>
		<datafield tag="899" ind1=" " ind2=" ">
			<subfield code="j">DS/9464/1</subfield>
			<subfield code="x">dig78dig</subfield>
		</datafield>
	</record>