
	<record>
		<leader>01904njm a2200445   4500</leader>
		<controlfield tag="001">biso0000728084</controlfield>
		<controlfield tag="005">20140227        </controlfield>
		<controlfield tag="007">sd*dmsdnnmslue</controlfield>
		<controlfield tag="008">040915s1929    sp sg            1  spa  </controlfield>
		<datafield tag="015" ind1=" " ind2=" ">
			<subfield code="a">SONPZ</subfield>
		</datafield>
		<datafield tag="028" ind1="1" ind2="0">
			<subfield code="a">BJ 1106, BJ 1199</subfield>
		</datafield>
		<datafield tag="028" ind1="1" ind2="0">
			<subfield code="a">2-62386, 63852</subfield>
		</datafield>
		<datafield tag="028" ind1="0" ind2="0">
			<subfield code="a">AC 133</subfield>
			<subfield code="b">Gramófono</subfield>
		</datafield>
		<datafield tag="035" ind1=" " ind2=" ">
			<subfield code="a">(OCoLC)431216703</subfield>
		</datafield>
		<datafield tag="040" ind1=" " ind2=" ">
			<subfield code="a">SpMaBN</subfield>
			<subfield code="b">spa</subfield>
			<subfield code="c">SpMaBN</subfield>
			<subfield code="e">rdc</subfield>
		</datafield>
		<datafield tag="084" ind1=" " ind2=" ">
			<subfield code="a">3.1</subfield>
			<subfield code="2">MU</subfield>
		</datafield>
		<datafield tag="100" ind1="1" ind2=" ">
			<subfield code="a">Alonso, Francisco</subfield>
			<subfield code="d">1887-1948</subfield>
		</datafield>
		<datafield tag="245" ind1="1" ind2="0">
			<subfield code="a">Himno Rotario</subfield>
			<subfield code="h">[Grabación sonora]</subfield>
			<subfield code="c">Ardavín y F. Alonso. Siempre España / N.M. Rivero, J. Medina y F. Alonso</subfield>
		</datafield>
		<datafield tag="260" ind1=" " ind2=" ">
			<subfield code="a">Barcelona</subfield>
			<subfield code="b">Compañía del Gramófono</subfield>
			<subfield code="c">[ca. 1929]</subfield>
		</datafield>
		<datafield tag="300" ind1=" " ind2=" ">
			<subfield code="a">1 disco (6 min)</subfield>
			<subfield code="b">78 rpm</subfield>
			<subfield code="c">25 cm</subfield>
		</datafield>
		<datafield tag="500" ind1=" " ind2=" ">
			<subfield code="a">Etiqueta violeta con logo de &quot;La Voz de su Amo&quot; en color</subfield>
		</datafield>
		<datafield tag="500" ind1=" " ind2=" ">
			<subfield code="a">En etiqueta: &quot;Español&quot;</subfield>
		</datafield>
		<datafield tag="500" ind1=" " ind2=" ">
			<subfield code="a">En etiqueta: &quot;Bar. y c. ac. orq&quot;, &quot;Sopr. ac. orq.&quot;</subfield>
		</datafield>
		<datafield tag="510" ind1="4" ind2=" ">
			<subfield code="a">Catálogo general de discos marca &quot;La Voz de su Amo&quot;, enero 1929</subfield>
			<subfield code="c">p. 236</subfield>
		</datafield>
		<datafield tag="511" ind1="1" ind2=" ">
			<subfield code="a">Emilio Sagi-Barba y coro con acompañamiento de orquesta -- Matilde Revenga con acompañamiento de orquesta</subfield>
		</datafield>
		<datafield tag="533" ind1=" " ind2=" ">
			<subfield code="a">Copia digital de conservación (CD y DAT), 2000</subfield>
		</datafield>
		<datafield tag="596" ind1=" " ind2=" ">
			<subfield code="a">Fecha de publicación basada en catálogo</subfield>
		</datafield>
		<datafield tag="650" ind1=" " ind2="7">
			<subfield code="a">Canciones (Barítono) con orquesta</subfield>
			<subfield code="2">embne</subfield>
		</datafield>
		<datafield tag="650" ind1=" " ind2="7">
			<subfield code="a">Canciones (Soprano) con orquesta</subfield>
			<subfield code="2">embne</subfield>
		</datafield>
		<datafield tag="700" ind1="1" ind2=" ">
			<subfield code="a">Fernández Ardavín, Luis</subfield>
			<subfield code="d">1891-1962</subfield>
		</datafield>
		<datafield tag="700" ind1="1" ind2="2">
			<subfield code="a">Rivero, Nicolás María</subfield>
			<subfield code="d">m. 1938</subfield>
		</datafield>
		<datafield tag="700" ind1="1" ind2="2">
			<subfield code="a">Medina Cano, José</subfield>
		</datafield>
		<datafield tag="700" ind1="1" ind2=" ">
			<subfield code="a">Sagi-Barba, Emilio</subfield>
			<subfield code="d">1876-1949</subfield>
			<subfield code="e">int.</subfield>
		</datafield>
		<datafield tag="700" ind1="1" ind2=" ">
			<subfield code="a">Revenga, Matilde</subfield>
			<subfield code="d">1902-1985</subfield>
			<subfield code="e">int.</subfield>
		</datafield>
		<datafield tag="740" ind1="0" ind2="2">
			<subfield code="a">Siempre España</subfield>
		</datafield>
		<datafield tag="856" ind1="4" ind2="1">
			<subfield code="u">http://bdh.bne.es/bnesearch/detalle/bdh0000012333</subfield>
			<subfield code="y">Biblioteca Digital Hispánica</subfield>
		</datafield>
		<datafield tag="956" ind1=" " ind2=" ">
			<subfield code="a">1</subfield>
		</datafield>
		<datafield tag="980" ind1=" " ind2=" ">
			<subfield code=".">852. 40</subfield>
			<subfield code="a">SpMaBN</subfield>
			<subfield code="b">BNMADRID</subfield>
			<subfield code="c">SALA_BARBI</subfield>
			<subfield code="j">Ds/9417/9</subfield>
		</datafield>
		<datafield tag="980" ind1=" " ind2=" ">
			<subfield code=".">843.   </subfield>
			<subfield code="a">Disco compacto</subfield>
			<subfield code="b">Sevilla</subfield>
			<subfield code="c">Fonotrón</subfield>
			<subfield code="d">2000</subfield>
			<subfield code=".">852. 40</subfield>
			<subfield code="a">SpMaBN</subfield>
			<subfield code="b">BNMADRID</subfield>
			<subfield code="c">SALA_BARBI</subfield>
			<subfield code="j">Soncd/838(21-22)</subfield>
		</datafield>
		<datafield tag="899" ind1=" " ind2=" ">
			<subfield code="j">DS/9417/9</subfield>
			<subfield code="x">dig78dig</subfield>
		</datafield>
	</record>