
	<record>
		<leader>01541nji a2200373   4500</leader>
		<controlfield tag="001">biso0000768607</controlfield>
		<controlfield tag="005">20140528        </controlfield>
		<controlfield tag="007">sd*dmsdnnmslue</controlfield>
		<controlfield tag="008">061030q1924    sp nn          z 1  spa  </controlfield>
		<datafield tag="015" ind1=" " ind2=" ">
			<subfield code="a">SONPZ</subfield>
			<subfield code="a">SON5</subfield>
			<subfield code="a">AP</subfield>
		</datafield>
		<datafield tag="028" ind1="1" ind2="0">
			<subfield code="a">139923, 139924</subfield>
			<subfield code="b">Odeón</subfield>
		</datafield>
		<datafield tag="035" ind1=" " ind2=" ">
			<subfield code="a">(OCoLC)431744112</subfield>
		</datafield>
		<datafield tag="040" ind1=" " ind2=" ">
			<subfield code="a">SpMaBN</subfield>
			<subfield code="b">spa</subfield>
		</datafield>
		<datafield tag="084" ind1=" " ind2=" ">
			<subfield code="a">5</subfield>
			<subfield code="2">MU</subfield>
		</datafield>
		<datafield tag="100" ind1="1" ind2=" ">
			<subfield code="a">Serrano, Emilio</subfield>
			<subfield code="d">1850-1939</subfield>
		</datafield>
		<datafield tag="240" ind1="1" ind2="3">
			<subfield code="a">La Bejarana.</subfield>
			<subfield code="p">Canto a Salamanca</subfield>
		</datafield>
		<datafield tag="245" ind1="1" ind2="3">
			<subfield code="a">La Bejarana</subfield>
			<subfield code="p">Canto a Salamanca : recitado, La jaca : recitado</subfield>
			<subfield code="c">Serrano y Alonso, Fernández Ardavín</subfield>
		</datafield>
		<datafield tag="260" ind1=" " ind2=" ">
			<subfield code="a">[Barcelona</subfield>
			<subfield code="b">Transoceanic Trading Cº</subfield>
			<subfield code="c">ca. 1924]</subfield>
		</datafield>
		<datafield tag="300" ind1=" " ind2=" ">
			<subfield code="a">1 disco (6 min)</subfield>
			<subfield code="b">78 rpm</subfield>
			<subfield code="c">25 cm</subfield>
		</datafield>
		<datafield tag="336" ind1=" " ind2=" ">
			<subfield code="a">Música (interpretada)</subfield>
			<subfield code="2">isbdcontent</subfield>
		</datafield>
		<datafield tag="337" ind1=" " ind2=" ">
			<subfield code="a">audio</subfield>
			<subfield code="2">isbdmedia</subfield>
		</datafield>
		<datafield tag="500" ind1=" " ind2=" ">
			<subfield code="a">Etiqueta negra con logo de &quot;Odeón&quot; en azul y letra del mismo en minúscula cursiva</subfield>
		</datafield>
		<datafield tag="511" ind1="1" ind2=" ">
			<subfield code="a">Arturo de Castro</subfield>
		</datafield>
		<datafield tag="596" ind1=" " ind2="1">
			<subfield code="a">Fecha de publicación basada en el estreno de la obra</subfield>
		</datafield>
		<datafield tag="650" ind1=" " ind2="7">
			<subfield code="a">Zarzuelas</subfield>
			<subfield code="x">Fragmentos</subfield>
			<subfield code="2">embne</subfield>
		</datafield>
		<datafield tag="653" ind1=" " ind2=" ">
			<subfield code="a">Archivo de la palabra</subfield>
		</datafield>
		<datafield tag="700" ind1="1" ind2=" ">
			<subfield code="a">Serrano, Emilio</subfield>
			<subfield code="d">1850-1939</subfield>
			<subfield code="t">La Bejarana.</subfield>
			<subfield code="p">La jaca</subfield>
		</datafield>
		<datafield tag="700" ind1="1" ind2=" ">
			<subfield code="a">Alonso, Francisco</subfield>
			<subfield code="d">1887-1948</subfield>
		</datafield>
		<datafield tag="700" ind1="1" ind2=" ">
			<subfield code="a">Fernández Ardavín, Luis</subfield>
			<subfield code="d">1891-1962</subfield>
		</datafield>
		<datafield tag="700" ind1="1" ind2=" ">
			<subfield code="a">Castro, Arturo</subfield>
			<subfield code="e">int.</subfield>
		</datafield>
		<datafield tag="856" ind1="4" ind2="1">
			<subfield code="u">http://bdh.bne.es/bnesearch/detalle/bdh0000149558</subfield>
			<subfield code="y">Biblioteca Digital Hispánica</subfield>
		</datafield>
		<datafield tag="956" ind1=" " ind2=" ">
			<subfield code="a">1</subfield>
		</datafield>
		<datafield tag="980" ind1=" " ind2=" ">
			<subfield code=".">852. 40</subfield>
			<subfield code="a">M-BN</subfield>
			<subfield code="b">BNMADRID</subfield>
			<subfield code="9">DD00323053</subfield>
			<subfield code="j">Ds/10906/2</subfield>
			<subfield code="u">Timbres: &quot;SIDOLA. Derechos de reproducción fonográfica pagados. Firma de Ardavín&quot;</subfield>
			<subfield code="u">Timbre: &quot;Odeón. 8 pts.&quot;</subfield>
			<subfield code="x">MU</subfield>
			<subfield code="c">SALA_BARBI</subfield>
		</datafield>
		<datafield tag="899" ind1=" " ind2=" ">
			<subfield code="j">DS/10906/2</subfield>
		</datafield>
	</record>