
	<record>
		<leader>00946ntm a2200241   4500</leader>
		<controlfield tag="001">biam0000008784</controlfield>
		<controlfield tag="005">20140226        </controlfield>
		<controlfield tag="008">050406q1910                             </controlfield>
		<datafield tag="016" ind1="7" ind2=" ">
			<subfield code="a">biamBNE20050007861</subfield>
			<subfield code="2">SpMaBN</subfield>
		</datafield>
		<datafield tag="035" ind1=" " ind2=" ">
			<subfield code="a">(OCoLC)430967209</subfield>
		</datafield>
		<datafield tag="040" ind1=" " ind2=" ">
			<subfield code="a">SpMaBN</subfield>
			<subfield code="b">spa</subfield>
			<subfield code="c">SpMaBN</subfield>
			<subfield code="e">rdc</subfield>
		</datafield>
		<datafield tag="100" ind1="1" ind2=" ">
			<subfield code="a">Fernández-Shaw, Carlos</subfield>
			<subfield code="d">1865-1911</subfield>
		</datafield>
		<datafield tag="245" ind1="1" ind2="0">
			<subfield code="a">Crítica sobre el libro &quot;Núñez de Arce&quot;, de José del Castillo y Soriano</subfield>
			<subfield code="h">[Manuscrito]</subfield>
		</datafield>
		<datafield tag="260" ind1=" " ind2=" ">
			<subfield code="c">[ca. 1910]</subfield>
		</datafield>
		<datafield tag="300" ind1=" " ind2=" ">
			<subfield code="a">14 h.</subfield>
			<subfield code="c">22 x 16 cm.</subfield>
		</datafield>
		<datafield tag="500" ind1=" " ind2=" ">
			<subfield code="a">Autógrafo con correcciones</subfield>
		</datafield>
		<datafield tag="541" ind1=" " ind2=" ">
			<subfield code="c">Compra</subfield>
			<subfield code="a">Enrique del Castillo</subfield>
		</datafield>
		<datafield tag="600" ind1="1" ind2="7">
			<subfield code="a">Castillo y Soriano, José del</subfield>
			<subfield code="d">1849-1928</subfield>
			<subfield code="t">Nuñez de Arce</subfield>
			<subfield code="x">Crítica e interpretación</subfield>
			<subfield code="2">embne</subfield>
		</datafield>
		<datafield tag="856" ind1="4" ind2="1">
			<subfield code="u">http://bdh-rd.bne.es/viewer.vm?id=0000129858&amp;page=1</subfield>
			<subfield code="y">Biblioteca Digital Hispánica</subfield>
		</datafield>
		<datafield tag="956" ind1=" " ind2=" ">
			<subfield code="a">1</subfield>
		</datafield>
		<datafield tag="980" ind1=" " ind2=" ">
			<subfield code=".">852. 40</subfield>
			<subfield code="a">M-BN</subfield>
			<subfield code="b">BNMADRID</subfield>
			<subfield code="9">MS00012196</subfield>
			<subfield code="j">Mss/12971/97</subfield>
			<subfield code="d">P.V. 4º. C.44., nº 97</subfield>
			<subfield code="x">FA </subfield>
			<subfield code="c">SALA_CERV</subfield>
		</datafield>
		<datafield tag="899" ind1=" " ind2=" ">
			<subfield code="x">Mnemosine</subfield>
		</datafield>
		<datafield tag="899" ind1=" " ind2=" ">
			<subfield code="j">MSS/12971/97</subfield>
		</datafield>
	</record>