
	<record>
		<leader>01738nji a2200433   4500</leader>
		<controlfield tag="001">biso0000747536</controlfield>
		<controlfield tag="005">20140528        </controlfield>
		<controlfield tag="007">sd*dmsdnnmslub</controlfield>
		<controlfield tag="008">051115q1910    fr tl            1  spa  </controlfield>
		<datafield tag="015" ind1=" " ind2=" ">
			<subfield code="a">SONPZ</subfield>
			<subfield code="a">SON5</subfield>
		</datafield>
		<datafield tag="028" ind1="1" ind2="0">
			<subfield code="a">323 y</subfield>
		</datafield>
		<datafield tag="028" ind1="0" ind2="0">
			<subfield code="a">V 53259</subfield>
			<subfield code="b">Gramophone</subfield>
		</datafield>
		<datafield tag="035" ind1=" " ind2=" ">
			<subfield code="a">(OCoLC)431455013</subfield>
		</datafield>
		<datafield tag="040" ind1=" " ind2=" ">
			<subfield code="a">SpMaBN</subfield>
			<subfield code="b">spa</subfield>
			<subfield code="c">SpMaBN</subfield>
			<subfield code="e">rdc</subfield>
		</datafield>
		<datafield tag="084" ind1=" " ind2=" ">
			<subfield code="a">5</subfield>
			<subfield code="2">MU</subfield>
		</datafield>
		<datafield tag="084" ind1=" " ind2=" ">
			<subfield code="a">3.1</subfield>
			<subfield code="2">MU</subfield>
		</datafield>
		<datafield tag="100" ind1="1" ind2=" ">
			<subfield code="a">Valverde, Joaquín</subfield>
			<subfield code="d">1875-1918</subfield>
		</datafield>
		<datafield tag="240" ind1="1" ind2="4">
			<subfield code="a">Las grandes cortesanas.</subfield>
			<subfield code="p">Couplets de Margot</subfield>
		</datafield>
		<datafield tag="245" ind1="1" ind2="4">
			<subfield code="a">Las grandes cortesanas.</subfield>
			<subfield code="p">Couplets de Mlle. Margot</subfield>
			<subfield code="c">Valverde</subfield>
		</datafield>
		<datafield tag="260" ind1=" " ind2=" ">
			<subfield code="a">[Paris]</subfield>
			<subfield code="b">La Cie. The Gramophone Co., Ltd. et Filiales</subfield>
			<subfield code="c">[ca. 1910]</subfield>
		</datafield>
		<datafield tag="300" ind1=" " ind2=" ">
			<subfield code="a">1 disco (3 min)</subfield>
			<subfield code="b">78 rpm</subfield>
			<subfield code="c">25 cm</subfield>
		</datafield>
		<datafield tag="336" ind1=" " ind2=" ">
			<subfield code="a">Música (interpretada)</subfield>
			<subfield code="2">isbdcontent</subfield>
		</datafield>
		<datafield tag="337" ind1=" " ind2=" ">
			<subfield code="a">audio</subfield>
			<subfield code="2">isbdmedia</subfield>
		</datafield>
		<datafield tag="500" ind1=" " ind2=" ">
			<subfield code="a">Etiqueta verde con logo del &quot;Angelito&quot; perfilado en dorado</subfield>
		</datafield>
		<datafield tag="500" ind1=" " ind2=" ">
			<subfield code="a">En etiqueta: &quot;Spanish&quot; y &quot;Soprano w. orch.&quot;</subfield>
		</datafield>
		<datafield tag="511" ind1="1" ind2=" ">
			<subfield code="a">Sta. Benítez con acomp. de orquesta bajo la dirección del Mtro. Marquina</subfield>
		</datafield>
		<datafield tag="518" ind1=" " ind2=" ">
			<subfield code="a">Impresionado en Madrid</subfield>
		</datafield>
		<datafield tag="594" ind1=" " ind2=" ">
			<subfield code="a">Libreto de Carlos Fernández-Shaw y Ramón Asensio Mas</subfield>
		</datafield>
		<datafield tag="597" ind1=" " ind2=" ">
			<subfield code="a">Disco grabado por una cara</subfield>
		</datafield>
		<datafield tag="650" ind1=" " ind2="7">
			<subfield code="a">Operetas</subfield>
			<subfield code="x">Fragmentos</subfield>
			<subfield code="2">embne</subfield>
		</datafield>
		<datafield tag="650" ind1=" " ind2="7">
			<subfield code="a">Canciones (Soprano) con orquesta</subfield>
			<subfield code="2">embne</subfield>
		</datafield>
		<datafield tag="700" ind1="1" ind2=" ">
			<subfield code="a">Asensio Más, Ramón</subfield>
			<subfield code="d">1878-1917</subfield>
		</datafield>
		<datafield tag="700" ind1="1" ind2=" ">
			<subfield code="a">Fernández-Shaw, Carlos</subfield>
			<subfield code="d">1865-1911</subfield>
		</datafield>
		<datafield tag="700" ind1="1" ind2=" ">
			<subfield code="a">Benítez, Juana</subfield>
			<subfield code="e">int.</subfield>
		</datafield>
		<datafield tag="700" ind1="1" ind2=" ">
			<subfield code="a">Marquina, Pascual</subfield>
			<subfield code="d">1873-1948</subfield>
			<subfield code="e">dir.</subfield>
		</datafield>
		<datafield tag="856" ind1="4" ind2="1">
			<subfield code="u">http://bdh.bne.es/bnesearch/detalle/bdh0000149862</subfield>
			<subfield code="y">Biblioteca Digital Hispánica</subfield>
		</datafield>
		<datafield tag="956" ind1=" " ind2=" ">
			<subfield code="a">1</subfield>
		</datafield>
		<datafield tag="980" ind1=" " ind2=" ">
			<subfield code=".">852. 40</subfield>
			<subfield code="a">M-BN</subfield>
			<subfield code="b">BNMADRID</subfield>
			<subfield code="9">DD00305138</subfield>
			<subfield code="j">Ds/10937/10</subfield>
			<subfield code="u">Timbre: &quot;Compañía Francesa del Gramófono. Derechos pagados al autor. Valverde&quot;</subfield>
			<subfield code="x">MU</subfield>
			<subfield code="c">SALA_BARBI</subfield>
		</datafield>
		<datafield tag="899" ind1=" " ind2=" ">
			<subfield code="j">DS/10937/10</subfield>
		</datafield>
	</record>