
	<record>
		<leader>02250ncm a2200361   4500</leader>
		<controlfield tag="001">bipa0000113496</controlfield>
		<controlfield tag="005">20140227        </controlfield>
		<controlfield tag="007">qu</controlfield>
		<controlfield tag="008">      s1909                             </controlfield>
		<datafield tag="015" ind1=" " ind2=" ">
			<subfield code="a">CCIM1</subfield>
			<subfield code="a">TLp</subfield>
		</datafield>
		<datafield tag="016" ind1="7" ind2=" ">
			<subfield code="a">bipaBNE20060029674</subfield>
			<subfield code="z">BNE19972389866</subfield>
			<subfield code="z">IND9100208454</subfield>
			<subfield code="2">SpMaBN</subfield>
		</datafield>
		<datafield tag="028" ind1="3" ind2="0">
			<subfield code="a">138</subfield>
			<subfield code="b">Fuentes y Asenjo</subfield>
		</datafield>
		<datafield tag="035" ind1=" " ind2=" ">
			<subfield code="a">(OCoLC)435875066</subfield>
		</datafield>
		<datafield tag="040" ind1=" " ind2=" ">
			<subfield code="a">SpMaBN</subfield>
			<subfield code="b">spa</subfield>
			<subfield code="c">SpMaBN</subfield>
			<subfield code="e">rdc</subfield>
		</datafield>
		<datafield tag="084" ind1=" " ind2=" ">
			<subfield code="a">5</subfield>
			<subfield code="2">MU</subfield>
		</datafield>
		<datafield tag="100" ind1="1" ind2=" ">
			<subfield code="a">Chapí, Ruperto</subfield>
			<subfield code="d">1851-1909</subfield>
		</datafield>
		<datafield tag="240" ind1="1" ind2="0">
			<subfield code="a">Margarita la Tornera. </subfield>
			<subfield code="s">Partitura vocal</subfield>
		</datafield>
		<datafield tag="245" ind1="1" ind2="0">
			<subfield code="a">Margarita la Tornera</subfield>
			<subfield code="h">[Música notada]</subfield>
			<subfield code="b">: leyenda lírica en 3 actos divididos en 8 cuadros</subfield>
			<subfield code="c">de C.F. Shaw ; R. Chapí ; partitura de canto y piano transcrita por V. Zurrón</subfield>
		</datafield>
		<datafield tag="260" ind1=" " ind2=" ">
			<subfield code="a">Madrid (calle Arenal, 20)</subfield>
			<subfield code="b">Fuentes y Asenjo</subfield>
			<subfield code="c">cop. 1909</subfield>
		</datafield>
		<datafield tag="300" ind1=" " ind2=" ">
			<subfield code="a">1 partitura vocal (321 p.)</subfield>
			<subfield code="c">30 cm</subfield>
		</datafield>
		<datafield tag="500" ind1=" " ind2=" ">
			<subfield code="a">Información del área de título tomada de la cabecera</subfield>
		</datafield>
		<datafield tag="500" ind1=" " ind2=" ">
			<subfield code="a">En las p. 5-7, reparto de los actores en sus respectivos papeles e índice de las partes</subfield>
		</datafield>
		<datafield tag="500" ind1=" " ind2=" ">
			<subfield code="a">En la p. 6: &quot;Para tratar del alquiler de la partitura, de las partes de coros y orquestas, del guión directivo &amp; A. dirigirse a la Sociedad de Autores Españoles, Madrid&quot;</subfield>
		</datafield>
		<datafield tag="500" ind1=" " ind2=" ">
			<subfield code="a">Ded.: &quot;A la memoria del querido amigo Antonio Peña y Goñi&quot;</subfield>
		</datafield>
		<datafield tag="597" ind1=" " ind2=" ">
			<subfield code="a">Con doble secuencia de paginación</subfield>
		</datafield>
		<datafield tag="650" ind1=" " ind2="7">
			<subfield code="a">Zarzuelas</subfield>
			<subfield code="v">Partituras vocales</subfield>
			<subfield code="2">embne</subfield>
		</datafield>
		<datafield tag="700" ind1="1" ind2=" ">
			<subfield code="a">Fernández-Shaw, Carlos</subfield>
			<subfield code="d">1865-1911</subfield>
		</datafield>
		<datafield tag="700" ind1="1" ind2=" ">
			<subfield code="a">Zurrón, Vicente</subfield>
			<subfield code="d">1871-1915</subfield>
		</datafield>
		<datafield tag="856" ind1="4" ind2="1">
			<subfield code="u">http://bdh-rd.bne.es/viewer.vm?id=0000116293&amp;page=1</subfield>
			<subfield code="y">Biblioteca Digital Hispánica</subfield>
		</datafield>
		<datafield tag="899" ind1=" " ind2=" ">
			<subfield code="j">M/2984</subfield>
			<subfield code="x">dig78dig</subfield>
		</datafield>
		<datafield tag="956" ind1=" " ind2=" ">
			<subfield code="a">1</subfield>
		</datafield>
		<datafield tag="980" ind1=" " ind2=" ">
			<subfield code=".">852. 40</subfield>
			<subfield code="a">M-BN</subfield>
			<subfield code="b">BNMADRID</subfield>
			<subfield code="c">SALA_BARBI</subfield>
			<subfield code="j">Mp/16117/22</subfield>
			<subfield code="z">Sello con la firma de Ruperto</subfield>
			<subfield code="x">CH003470 Chapí, 9-7-1920</subfield>
			<subfield code="z">Sello del editor: “Faustino Fuentes, sucesor de Fuentes y Asenjo, música, pianos y librería, Arenal 20, Madrid”</subfield>
		</datafield>
		<datafield tag="980" ind1=" " ind2=" ">
			<subfield code=".">561.   </subfield>
			<subfield code="a">Registro Propiedad Intelectual</subfield>
			<subfield code=".">563.   </subfield>
			<subfield code="a">Enc. en pasta española; filetes dorados y tejuelo rojo en el lomo; superlibris de la Biblioteca Nacional en las tapas</subfield>
			<subfield code=".">852. 40</subfield>
			<subfield code="a">M-BN</subfield>
			<subfield code="b">BNMADRID</subfield>
			<subfield code="c">SALA_BARBI</subfield>
			<subfield code="9">PA00114901</subfield>
			<subfield code="j">M/2984</subfield>
			<subfield code="q">Ejemplar falto de portada</subfield>
			<subfield code="x">CH003476</subfield>
			<subfield code="x">J010133</subfield>
			<subfield code="z">Firma ms. de R. Chapí</subfield>
			<subfield code="z">Sello: &quot;Sociedad de Autores Españoles, Madrid, Propiedad&quot;</subfield>
			<subfield code="z">Números de ingreso en el Reg. de la Prop. Intel.</subfield>
		</datafield>
	</record>