
	<record>
		<leader>01756ncm a22003491  4500</leader>
		<controlfield tag="001">bipa0000013059</controlfield>
		<controlfield tag="005">20140227        </controlfield>
		<controlfield tag="007">qu</controlfield>
		<controlfield tag="008">      q1909    sp tld         nn   spa  </controlfield>
		<datafield tag="015" ind1=" " ind2=" ">
			<subfield code="a">CCIM1</subfield>
		</datafield>
		<datafield tag="015" ind1=" " ind2=" ">
			<subfield code="a">TLp</subfield>
		</datafield>
		<datafield tag="016" ind1="7" ind2=" ">
			<subfield code="a">bipaBNE20010010168</subfield>
			<subfield code="z">IND9100208453</subfield>
			<subfield code="z">BNE19972389855</subfield>
			<subfield code="2">SpMaBN</subfield>
		</datafield>
		<datafield tag="028" ind1="3" ind2="1">
			<subfield code="a">1 a 3</subfield>
		</datafield>
		<datafield tag="035" ind1=" " ind2=" ">
			<subfield code="a">(OCoLC)740260932</subfield>
		</datafield>
		<datafield tag="040" ind1=" " ind2=" ">
			<subfield code="a">SpMaBN</subfield>
		</datafield>
		<datafield tag="084" ind1=" " ind2=" ">
			<subfield code="a">5</subfield>
			<subfield code="2">MU</subfield>
		</datafield>
		<datafield tag="100" ind1="1" ind2=" ">
			<subfield code="a">Chapí, Ruperto</subfield>
			<subfield code="d">1851-1909</subfield>
		</datafield>
		<datafield tag="240" ind1="1" ind2="0">
			<subfield code="a">Margarita la Tornera. </subfield>
			<subfield code="s">Partitura vocal</subfield>
		</datafield>
		<datafield tag="245" ind1="1" ind2="0">
			<subfield code="a">Margarita la Tornera</subfield>
			<subfield code="h">[Música notada] :</subfield>
			<subfield code="b">leyenda lírica en tres actos divididos en ocho cuadros</subfield>
			<subfield code="c">letra de C.F. Shaw ; música de R. Chapí</subfield>
		</datafield>
		<datafield tag="260" ind1=" " ind2=" ">
			<subfield code="a">Madrid (Núñez de Balboa, 12)</subfield>
			<subfield code="b">Sociedad de Autores Españoles</subfield>
			<subfield code="c">[1909?]</subfield>
		</datafield>
		<datafield tag="300" ind1=" " ind2=" ">
			<subfield code="a">1 partitura vocal ([466] p.)</subfield>
			<subfield code="c">33 cm</subfield>
		</datafield>
		<datafield tag="500" ind1=" " ind2=" ">
			<subfield code="a">Portada litografiada: &quot;A. Pontones&quot;</subfield>
		</datafield>
		<datafield tag="500" ind1=" " ind2=" ">
			<subfield code="a">Notación musical: &quot;A. Pontones, litógrafo&quot;</subfield>
		</datafield>
		<datafield tag="505" ind1="0" ind2="0">
			<subfield code="a">acto 1º.- 118 p.- N. ed.: 1 ; acto 2º.- 245 p.- N. ed.: 2 ; acto 3º.- 102 p.- N. ed.: 3</subfield>
		</datafield>
		<datafield tag="595" ind1=" " ind2=" ">
			<subfield code="a">En la cubierta: &quot;Este material no se puede copiar, alquilar, prestar ni vender, (Es de la propiedad exclusiva de la Sociedad de Autores)&quot;</subfield>
		</datafield>
		<datafield tag="596" ind1=" " ind2=" ">
			<subfield code="a">Fecha de publicación basada en el estreno de la zarzuela</subfield>
		</datafield>
		<datafield tag="650" ind1=" " ind2="7">
			<subfield code="a">Zarzuelas</subfield>
			<subfield code="v">Partituras vocales</subfield>
			<subfield code="2">embne</subfield>
		</datafield>
		<datafield tag="700" ind1="1" ind2=" ">
			<subfield code="a">Fernández-Shaw, Carlos</subfield>
			<subfield code="d">1865-1911</subfield>
		</datafield>
		<datafield tag="856" ind1="4" ind2="1">
			<subfield code="u">http://bdh-rd.bne.es/viewer.vm?id=0000103338&amp;page=1</subfield>
			<subfield code="y">Biblioteca Digital Hispánica</subfield>
		</datafield>
		<datafield tag="899" ind1=" " ind2=" ">
			<subfield code="j">M/5388</subfield>
			<subfield code="x">dig78dig</subfield>
		</datafield>
		<datafield tag="956" ind1=" " ind2=" ">
			<subfield code="a">1</subfield>
		</datafield>
		<datafield tag="980" ind1=" " ind2=" ">
			<subfield code=".">541.   </subfield>
			<subfield code="c">Donado por</subfield>
			<subfield code="a">Los herederos de Manrique de Lara (Spottorno)</subfield>
			<subfield code="b">Madrid, </subfield>
			<subfield code="d">1949.</subfield>
			<subfield code=".">561.   </subfield>
			<subfield code="a">Legado de Manuel Manrique de Lara</subfield>
			<subfield code=".">563.   </subfield>
			<subfield code="a">Enc. editorial holandesa: papel</subfield>
			<subfield code=".">852. 40</subfield>
			<subfield code="a">M-BN</subfield>
			<subfield code="b">BNMADRID</subfield>
			<subfield code="c">SALA_BARBI</subfield>
			<subfield code="j">M/5388</subfield>
			<subfield code="9">MO00173863</subfield>
			<subfield code="x">CH003475</subfield>
			<subfield code="z">Sello: &quot;Donativo de Manrique de Lara&quot;</subfield>
		</datafield>
	</record>