
	<record>
		<leader>01366nam a2200277 i 4500</leader>
		<controlfield tag="001">bimo0000865407</controlfield>
		<controlfield tag="005">20140226        </controlfield>
		<controlfield tag="007">ta</controlfield>
		<controlfield tag="008">900725s1908    sp     | |||| 000 d spa  </controlfield>
		<datafield tag="016" ind1="7" ind2=" ">
			<subfield code="a">bimoBNE19981090808</subfield>
			<subfield code="2">SpMaBN</subfield>
		</datafield>
		<datafield tag="035" ind1=" " ind2=" ">
			<subfield code="a">(OCoLC)776464356</subfield>
		</datafield>
		<datafield tag="040" ind1=" " ind2=" ">
			<subfield code="a">SpMaBN</subfield>
			<subfield code="b">spa</subfield>
			<subfield code="c">A2</subfield>
			<subfield code="d">SpMaBN</subfield>
			<subfield code="e">rdc</subfield>
			<subfield code="d">SpMaBN</subfield>
		</datafield>
		<datafield tag="080" ind1=" " ind2=" ">
			<subfield code="a">821.134.2-293&quot;18&quot;</subfield>
		</datafield>
		<datafield tag="100" ind1="1" ind2=" ">
			<subfield code="a">Fernández-Shaw, Carlos</subfield>
			<subfield code="d">1865-1911</subfield>
		</datafield>
		<datafield tag="245" ind1="1" ind2="0">
			<subfield code="a">Margarita la Tornera</subfield>
			<subfield code="h">[Texto impreso] :</subfield>
			<subfield code="b">leyenda lírica en tres actos y ocho cuadros, basada en obras de Avellaneda y Zorrilla</subfield>
			<subfield code="c">Carlos Fernández Shaw ; música del maestro Ruperto Chapí</subfield>
		</datafield>
		<datafield tag="260" ind1=" " ind2=" ">
			<subfield code="a">Madrid</subfield>
			<subfield code="b">Sociedad de Autores Españoles</subfield>
			<subfield code="c">1908</subfield>
		</datafield>
		<datafield tag="300" ind1=" " ind2=" ">
			<subfield code="a">91 p.</subfield>
			<subfield code="c">23 cm</subfield>
		</datafield>
		<datafield tag="856" ind1="4" ind2="1">
			<subfield code="u">http://bdh-rd.bne.es/viewer.vm?id=0000108693&amp;page=1</subfield>
			<subfield code="y">Biblioteca Digital Hispánica</subfield>
		</datafield>
		<datafield tag="956" ind1=" " ind2=" ">
			<subfield code="a">1 2</subfield>
		</datafield>
		<datafield tag="980" ind1=" " ind2=" ">
			<subfield code=".">563.   </subfield>
			<subfield code="a">Tela</subfield>
			<subfield code=".">583.   </subfield>
			<subfield code="l">Papel ácido</subfield>
			<subfield code=".">852. 40</subfield>
			<subfield code="a">M-BN</subfield>
			<subfield code="b">BNALCALA</subfield>
			<subfield code="9">MO04051494</subfield>
			<subfield code="j">AHM/637315</subfield>
			<subfield code="z">Sello: &quot;Biblioteca Popular La Latina&quot;</subfield>
			<subfield code="d">4105</subfield>
			<subfield code="c">SG_PETANTI</subfield>
		</datafield>
		<datafield tag="980" ind1=" " ind2=" ">
			<subfield code=".">563.   </subfield>
			<subfield code="a">Rústica</subfield>
			<subfield code=".">583.   </subfield>
			<subfield code="a">En caja de conservación</subfield>
			<subfield code="l">Papel ácido</subfield>
			<subfield code=".">852. 40</subfield>
			<subfield code="a">M-BN</subfield>
			<subfield code="b">BNALCALA</subfield>
			<subfield code="9">MO04574858</subfield>
			<subfield code="j">DL/1362093</subfield>
			<subfield code="c">CONSERVACI</subfield>
		</datafield>
		<datafield tag="980" ind1=" " ind2=" ">
			<subfield code=".">561.   </subfield>
			<subfield code="a">Registro Propiedad Intelectual</subfield>
			<subfield code=".">563.   </subfield>
			<subfield code="a">Holandesa, conservando la cubierta original</subfield>
			<subfield code=".">852. 40</subfield>
			<subfield code="a">M-BN</subfield>
			<subfield code="b">BNMADRID</subfield>
			<subfield code="9">MO00022325</subfield>
			<subfield code="j">T/17244</subfield>
			<subfield code="x">F031751</subfield>
			<subfield code="c">SALA_CERV</subfield>
		</datafield>
		<datafield tag="899" ind1=" " ind2=" ">
			<subfield code="j">DL/1362093</subfield>
			<subfield code="x">DIG XIX</subfield>
		</datafield>
		<datafield tag="899" ind1=" " ind2=" ">
			<subfield code="x">dig821(460)dig</subfield>
		</datafield>
		<datafield tag="901" ind1=" " ind2=" ">
			<subfield code="a">CCIML</subfield>
		</datafield>
		<datafield tag="901" ind1=" " ind2=" ">
			<subfield code="a">TLm</subfield>
		</datafield>
	</record>