
	<record>
		<leader>01452nam a2200253 i 4500</leader>
		<controlfield tag="001">bimo0000865404</controlfield>
		<controlfield tag="005">20140226        </controlfield>
		<controlfield tag="008">900725s1906    sp     | |||| 000 d spa  </controlfield>
		<datafield tag="016" ind1="7" ind2=" ">
			<subfield code="a">bimoBNE19981090774</subfield>
			<subfield code="2">SpMaBN</subfield>
		</datafield>
		<datafield tag="035" ind1=" " ind2=" ">
			<subfield code="a">(OCoLC)776464340</subfield>
		</datafield>
		<datafield tag="040" ind1=" " ind2=" ">
			<subfield code="a">SpMaBN</subfield>
			<subfield code="b">spa</subfield>
			<subfield code="c">A2</subfield>
			<subfield code="d">SpMaBN</subfield>
		</datafield>
		<datafield tag="080" ind1=" " ind2=" ">
			<subfield code="a">821.134.2-22&quot;18&quot;</subfield>
		</datafield>
		<datafield tag="100" ind1="1" ind2=" ">
			<subfield code="a">Fernández-Shaw, Carlos</subfield>
			<subfield code="d">1865-1911</subfield>
		</datafield>
		<datafield tag="245" ind1="1" ind2="3">
			<subfield code="a">El hombre feliz</subfield>
			<subfield code="h">[Texto impreso] :</subfield>
			<subfield code="b">comedia en un acto y en verso</subfield>
			<subfield code="c">original de Carlos Fernández Shaw</subfield>
		</datafield>
		<datafield tag="260" ind1=" " ind2=" ">
			<subfield code="a">Madrid</subfield>
			<subfield code="b">Sociedad de Autores Españoles</subfield>
			<subfield code="c">1906</subfield>
		</datafield>
		<datafield tag="300" ind1=" " ind2=" ">
			<subfield code="a">45 p.</subfield>
			<subfield code="c">21 cm</subfield>
		</datafield>
		<datafield tag="856" ind1="4" ind2="1">
			<subfield code="u">http://bdh-rd.bne.es/viewer.vm?id=0000108420&amp;page=1</subfield>
			<subfield code="y">Biblioteca Digital Hispánica</subfield>
		</datafield>
		<datafield tag="956" ind1=" " ind2=" ">
			<subfield code="a">1 2</subfield>
		</datafield>
		<datafield tag="980" ind1=" " ind2=" ">
			<subfield code=".">541.   </subfield>
			<subfield code="c">Donado por</subfield>
			<subfield code="a">Carlos Fernández Shaw</subfield>
			<subfield code="d">marzo, 2002</subfield>
			<subfield code=".">563.   </subfield>
			<subfield code="a">Rústica</subfield>
			<subfield code=".">583.   </subfield>
			<subfield code="l">Papel ácido</subfield>
			<subfield code=".">852. 40</subfield>
			<subfield code="a">M-BN</subfield>
			<subfield code="b">BNALCALA</subfield>
			<subfield code="9">MO03863848</subfield>
			<subfield code="j">12/139897</subfield>
			<subfield code="z">Ejemplar intonso</subfield>
			<subfield code="c">SG_PETANTI</subfield>
		</datafield>
		<datafield tag="980" ind1=" " ind2=" ">
			<subfield code=".">541.   </subfield>
			<subfield code="c">Donado por</subfield>
			<subfield code="a">Carlos María Fernández-Shaw</subfield>
			<subfield code="d">marzo,2002</subfield>
			<subfield code=".">563.   </subfield>
			<subfield code="a">Rústica</subfield>
			<subfield code=".">583.   </subfield>
			<subfield code="l">Papel ácido</subfield>
			<subfield code=".">852. 40</subfield>
			<subfield code="a">M-BN</subfield>
			<subfield code="b">BNMADRID</subfield>
			<subfield code="9">MO03865296</subfield>
			<subfield code="j">9/230786</subfield>
			<subfield code="z">Ejemplar intonso</subfield>
			<subfield code="c">SG_RECOLET</subfield>
		</datafield>
		<datafield tag="980" ind1=" " ind2=" ">
			<subfield code=".">563.   </subfield>
			<subfield code="a">Holandesa, conservando la cubierta original</subfield>
			<subfield code=".">583.   </subfield>
			<subfield code="l">Papel ácido</subfield>
			<subfield code=".">852. 40</subfield>
			<subfield code="a">M-BN</subfield>
			<subfield code="b">BNMADRID</subfield>
			<subfield code="9">MO00011961</subfield>
			<subfield code="j">T/17590</subfield>
			<subfield code="c">SALA_CERV</subfield>
		</datafield>
		<datafield tag="980" ind1=" " ind2=" ">
			<subfield code=".">563.   </subfield>
			<subfield code="a">Rústica</subfield>
			<subfield code=".">583.   </subfield>
			<subfield code="l">Papel ácido</subfield>
			<subfield code=".">852. 40</subfield>
			<subfield code="a">M-BN</subfield>
			<subfield code="b">BNMADRID</subfield>
			<subfield code="9">MO00126397</subfield>
			<subfield code="j">T/30930</subfield>
			<subfield code="z">Ejemplar intonso</subfield>
			<subfield code="z">Sello: “Sociedad General de Autores de España”</subfield>
			<subfield code="c">SALA_CERV</subfield>
		</datafield>
		<datafield tag="899" ind1=" " ind2=" ">
			<subfield code="j">9/230786</subfield>
			<subfield code="x">DIG XIX</subfield>
		</datafield>
		<datafield tag="899" ind1=" " ind2=" ">
			<subfield code="x">dig821(460)dig</subfield>
		</datafield>
	</record>