
	<record>
		<leader>01870ncm a22003731  4500</leader>
		<controlfield tag="001">bipa0000030706</controlfield>
		<controlfield tag="005">20140224        </controlfield>
		<controlfield tag="007">qu</controlfield>
		<controlfield tag="008">      s1900       sga              spa  </controlfield>
		<datafield tag="015" ind1=" " ind2=" ">
			<subfield code="a">CCIM2</subfield>
		</datafield>
		<datafield tag="016" ind1="7" ind2=" ">
			<subfield code="a">bipaBNE20010279839</subfield>
			<subfield code="z">PARBI00002992</subfield>
			<subfield code="2">SpMaBN</subfield>
		</datafield>
		<datafield tag="028" ind1="2" ind2="0">
			<subfield code="a">F. y A. 1068</subfield>
			<subfield code="b">Fuentes y Asenjo</subfield>
		</datafield>
		<datafield tag="035" ind1=" " ind2=" ">
			<subfield code="a">(OCoLC)435710751</subfield>
		</datafield>
		<datafield tag="040" ind1=" " ind2=" ">
			<subfield code="a">SpMaBN</subfield>
			<subfield code="b">spa</subfield>
			<subfield code="c">SpMaBN</subfield>
			<subfield code="e">rdc</subfield>
		</datafield>
		<datafield tag="084" ind1=" " ind2=" ">
			<subfield code="a">3.1</subfield>
			<subfield code="b">MU</subfield>
		</datafield>
		<datafield tag="100" ind1="1" ind2=" ">
			<subfield code="a">Chapí, Ruperto</subfield>
			<subfield code="d">1851-1909</subfield>
		</datafield>
		<datafield tag="245" ind1="1" ind2="3">
			<subfield code="a">La fiesta del árbol</subfield>
			<subfield code="h">[Música notada]</subfield>
			<subfield code="b">: canto escolar</subfield>
			<subfield code="c">letra de D. Carlos Fz. Shaw ; música de Ruperto Chapí</subfield>
		</datafield>
		<datafield tag="260" ind1=" " ind2=" ">
			<subfield code="a">Madrid (Arenal, 20)</subfield>
			<subfield code="b">Fuentes y Asenjo</subfield>
			<subfield code="c">[1900]</subfield>
		</datafield>
		<datafield tag="300" ind1=" " ind2=" ">
			<subfield code="a">1 partitura (3 p.)</subfield>
			<subfield code="c">36 cm</subfield>
		</datafield>
		<datafield tag="440" ind1=" " ind2="0">
			<subfield code="a">Obras escogidas de autores clásicos y modernos (Fuentes y Asenjo)</subfield>
		</datafield>
		<datafield tag="500" ind1=" " ind2=" ">
			<subfield code="a">En la p. 4 de la cub., propaganda de colecciones publicadas por la editorial</subfield>
		</datafield>
		<datafield tag="500" ind1=" " ind2=" ">
			<subfield code="a">Portada ilustrada</subfield>
		</datafield>
		<datafield tag="500" ind1=" " ind2=" ">
			<subfield code="a">Notación musical grabada por F. Ruiz</subfield>
		</datafield>
		<datafield tag="510" ind1=" " ind2=" ">
			<subfield code="a">La música en el Boletín de la Propiedad Intelectual, Biblioteca Nacional, 1997</subfield>
			<subfield code="c">n. 12063</subfield>
		</datafield>
		<datafield tag="594" ind1=" " ind2=" ">
			<subfield code="a">Voz y piano</subfield>
		</datafield>
		<datafield tag="596" ind1=" " ind2=" ">
			<subfield code="a">Fecha de publicación tomada de La música en el Boletín de la Propiedad Intelectual, Biblioteca Nacional, 1997</subfield>
		</datafield>
		<datafield tag="650" ind1=" " ind2="7">
			<subfield code="a">Canciones escolares</subfield>
			<subfield code="2">embne</subfield>
		</datafield>
		<datafield tag="650" ind1=" " ind2="7">
			<subfield code="a">Canciones con piano</subfield>
			<subfield code="2">embne</subfield>
		</datafield>
		<datafield tag="700" ind1="1" ind2=" ">
			<subfield code="a">Fernández-Shaw, Carlos</subfield>
			<subfield code="d">1865-1911</subfield>
		</datafield>
		<datafield tag="856" ind1="4" ind2="1">
			<subfield code="u">http://bdh-rd.bne.es/viewer.vm?id=0000120904&amp;page=1</subfield>
			<subfield code="y">Biblioteca Digital Hispánica</subfield>
		</datafield>
		<datafield tag="899" ind1=" " ind2=" ">
			<subfield code="j">MP/169/16</subfield>
			<subfield code="x">dig78dig</subfield>
		</datafield>
		<datafield tag="956" ind1=" " ind2=" ">
			<subfield code="a">1</subfield>
		</datafield>
		<datafield tag="980" ind1=" " ind2=" ">
			<subfield code=".">561.   </subfield>
			<subfield code="a">Registro de la Propiedad Intelectual</subfield>
			<subfield code=".">852. 40</subfield>
			<subfield code="a">M-BN</subfield>
			<subfield code="b">MU</subfield>
			<subfield code="c">SALA_BARBI</subfield>
			<subfield code="j">Mp/169/16</subfield>
			<subfield code="x">R. antiguo: 34743</subfield>
			<subfield code="z">Firma ms. de J. Chapí</subfield>
			<subfield code="z">Sello con la firma de Vda. é hijos de R. Chapí</subfield>
			<subfield code="z">Sello: &quot;Sociedad de Autores Españoles, Propiedad, Madrid&quot;</subfield>
		</datafield>
		<datafield tag="980" ind1=" " ind2=" ">
			<subfield code=".">843.   </subfield>
			<subfield code="a">Microfilme</subfield>
			<subfield code="b">Madrid</subfield>
			<subfield code="c">Biblioteca Nacional</subfield>
			<subfield code="e">1 carrete de microfilme</subfield>
			<subfield code=".">852. 40</subfield>
			<subfield code="a">M-BN</subfield>
			<subfield code="b">BNMADRID</subfield>
			<subfield code="j">Mmicro/4502</subfield>
			<subfield code="x">MU</subfield>
			<subfield code="c">SALA_BARBI</subfield>
		</datafield>
	</record>