
	<record>
		<leader>01369ccm a2200301   4500</leader>
		<controlfield tag="001">a4702620</controlfield>
		<controlfield tag="005">20140226        </controlfield>
		<controlfield tag="007">qu</controlfield>
		<controlfield tag="008">100312s1899    sp zag         n    spa  </controlfield>
		<datafield tag="015" ind1=" " ind2=" ">
			<subfield code="a">CCIM</subfield>
			<subfield code="a">TLp</subfield>
		</datafield>
		<datafield tag="028" ind1="2" ind2="0">
			<subfield code="a">P. M. 8699 bis</subfield>
			<subfield code="b">Pablo Martín</subfield>
		</datafield>
		<datafield tag="035" ind1=" " ind2=" ">
			<subfield code="a">(OCoLC)740306510</subfield>
		</datafield>
		<datafield tag="040" ind1=" " ind2=" ">
			<subfield code="a">SpMaBN</subfield>
			<subfield code="b">spa</subfield>
			<subfield code="c">SpMaBN</subfield>
			<subfield code="e">rdc</subfield>
		</datafield>
		<datafield tag="084" ind1=" " ind2=" ">
			<subfield code="a">3.1</subfield>
			<subfield code="2">MU</subfield>
		</datafield>
		<datafield tag="084" ind1=" " ind2=" ">
			<subfield code="a">5</subfield>
			<subfield code="2">MU</subfield>
		</datafield>
		<datafield tag="100" ind1="1" ind2=" ">
			<subfield code="a">Chapí, Ruperto</subfield>
			<subfield code="d">1851-1909</subfield>
		</datafield>
		<datafield tag="240" ind1="1" ind2="0">
			<subfield code="a">La chavala.</subfield>
			<subfield code="p">¿Que me miras de ese modo</subfield>
		</datafield>
		<datafield tag="245" ind1="1" ind2="3">
			<subfield code="a">La chavala</subfield>
			<subfield code="n">N.3</subfield>
			<subfield code="p">Dúo</subfield>
			<subfield code="h">[Música notada] :</subfield>
			<subfield code="b">[zarzuela en un acto]</subfield>
			<subfield code="c">letra de los Sres. J. López Silva y C. Fernández Shaw ; música del maestro R. Chapí ; reducción por V. Arín</subfield>
		</datafield>
		<datafield tag="260" ind1=" " ind2=" ">
			<subfield code="a">Madrid</subfield>
			<subfield code="b">Pablo Martín</subfield>
			<subfield code="c">[1899]</subfield>
		</datafield>
		<datafield tag="300" ind1=" " ind2=" ">
			<subfield code="a">1 partitura abreviada (5 p.)</subfield>
		</datafield>
		<datafield tag="650" ind1=" " ind2="7">
			<subfield code="a">Zarzuelas</subfield>
			<subfield code="x">Fragmentos</subfield>
			<subfield code="v">Partituras</subfield>
			<subfield code="2">embne</subfield>
		</datafield>
		<datafield tag="700" ind1="1" ind2="2">
			<subfield code="a">López-Silva, José</subfield>
		</datafield>
		<datafield tag="700" ind1="1" ind2="2">
			<subfield code="a">Fernández-Shaw, Carlos</subfield>
			<subfield code="d">1865-1911</subfield>
		</datafield>
		<datafield tag="700" ind1="1" ind2="2">
			<subfield code="a">Arín, Valentín de</subfield>
			<subfield code="d">1854-1912</subfield>
			<subfield code="e">arr.</subfield>
		</datafield>
		<datafield tag="856" ind1="4" ind2="1">
			<subfield code="u">http://bdh-rd.bne.es/viewer.vm?id=0000075218&amp;page=1</subfield>
			<subfield code="y">Biblioteca Digital Hispánica</subfield>
		</datafield>
		<datafield tag="899" ind1=" " ind2=" ">
			<subfield code="j">MP/5360/4</subfield>
			<subfield code="x">dig78dig</subfield>
		</datafield>
		<datafield tag="956" ind1=" " ind2=" ">
			<subfield code="a">1</subfield>
		</datafield>
		<datafield tag="980" ind1=" " ind2=" ">
			<subfield code=".">541.   </subfield>
			<subfield code="c">donado por</subfield>
			<subfield code="a">Eresbil</subfield>
			<subfield code="b">Rentería (Guipúzcoa),</subfield>
			<subfield code="d">febrero, 2010</subfield>
			<subfield code=".">852. 40</subfield>
			<subfield code="a">M-BN</subfield>
			<subfield code="b">MU</subfield>
			<subfield code="c">SALA_BARBI</subfield>
			<subfield code="9">PA00029948</subfield>
			<subfield code="j">MP/5360/4</subfield>
			<subfield code="z">Sello con rúbrica: &quot;R. Chapí&quot;</subfield>
			<subfield code="z">Sello: &quot;Díaz y Cª. Música, pianos e instrumentos, San Sebastián, 5 dicbre 01&quot;</subfield>
			<subfield code="q">Hojas de portada y contraportada sueltas</subfield>
		</datafield>
	</record>