
	<record>
		<leader>01842ncm a2200325   4500</leader>
		<controlfield tag="001">bipa0000113539</controlfield>
		<controlfield tag="005">20140227        </controlfield>
		<controlfield tag="008">060303s1898    sp tlc //      n    spa/ </controlfield>
		<datafield tag="015" ind1=" " ind2=" ">
			<subfield code="a">CCIM1</subfield>
			<subfield code="a">TLp</subfield>
		</datafield>
		<datafield tag="016" ind1="7" ind2=" ">
			<subfield code="a">bipaBNE20060030126</subfield>
			<subfield code="z">BNE19972389833</subfield>
			<subfield code="z">IND9100208451</subfield>
			<subfield code="2">SpMaBN</subfield>
		</datafield>
		<datafield tag="028" ind1="2" ind2="1">
			<subfield code="a">P.M. 8613 a P.M. 8629</subfield>
		</datafield>
		<datafield tag="028" ind1="2" ind2="0">
			<subfield code="a">P.M. 8614, P.M. 8615, P.M. 8616, P.M. 8617, P.M. 8618, P.M. 8619, P.M. 8620, P.M. 8621, P.M. 8622, P.M. 8623, P.M. 8624, P.M. 8625, P.M. 8626, P.M. 8627, P.M. 8628</subfield>
		</datafield>
		<datafield tag="035" ind1=" " ind2=" ">
			<subfield code="a">(OCoLC)435875107</subfield>
		</datafield>
		<datafield tag="040" ind1=" " ind2=" ">
			<subfield code="a">SpMaBN</subfield>
			<subfield code="b">spa</subfield>
			<subfield code="c">SpMaBN</subfield>
			<subfield code="e">rdc</subfield>
		</datafield>
		<datafield tag="084" ind1=" " ind2=" ">
			<subfield code="a">5</subfield>
		</datafield>
		<datafield tag="100" ind1="1" ind2=" ">
			<subfield code="a">Chapí, Ruperto</subfield>
			<subfield code="d">1851-1909</subfield>
		</datafield>
		<datafield tag="240" ind1="1" ind2="4">
			<subfield code="a">Los hijos del batallón</subfield>
			<subfield code="s">. Partitura vocal</subfield>
		</datafield>
		<datafield tag="245" ind1="1" ind2="4">
			<subfield code="a">Los hijos del batallón</subfield>
			<subfield code="h">[Música notada]</subfield>
			<subfield code="b"> : melodrama en tres actos</subfield>
			<subfield code="c">música del maestro R. Chapí ; letra de D. C. Fernández Shaw ; reducción por V. Arín</subfield>
		</datafield>
		<datafield tag="260" ind1="0" ind2=" ">
			<subfield code="a">Madrid (Calle del Correo, 4)</subfield>
			<subfield code="b">Pablo Martín</subfield>
			<subfield code="c">[1898]</subfield>
		</datafield>
		<datafield tag="300" ind1=" " ind2=" ">
			<subfield code="a">1 partitura vocal (244 p.)</subfield>
			<subfield code="c">30 cm</subfield>
		</datafield>
		<datafield tag="500" ind1=" " ind2=" ">
			<subfield code="a">Portada ilustrada</subfield>
		</datafield>
		<datafield tag="500" ind1=" " ind2=" ">
			<subfield code="a">Notación musical grabada por A. Ruiz</subfield>
		</datafield>
		<datafield tag="596" ind1=" " ind2=" ">
			<subfield code="a">Fecha de publicación tomada de La edición musical española hasta 1936, 1995</subfield>
		</datafield>
		<datafield tag="650" ind1=" " ind2="7">
			<subfield code="a">Zarzuelas</subfield>
			<subfield code="v">Partituras vocales</subfield>
			<subfield code="2">embne</subfield>
		</datafield>
		<datafield tag="700" ind1="1" ind2=" ">
			<subfield code="a">Fernández-Shaw, Carlos</subfield>
			<subfield code="d">1865-1911</subfield>
		</datafield>
		<datafield tag="700" ind1="1" ind2=" ">
			<subfield code="a">Arín, Valentín de</subfield>
			<subfield code="d">1854-1912</subfield>
			<subfield code="e">arr.</subfield>
		</datafield>
		<datafield tag="856" ind1="4" ind2="1">
			<subfield code="u">http://bdh-rd.bne.es/viewer.vm?id=0000011919&amp;page=1</subfield>
			<subfield code="y">Biblioteca Digital Hispánica</subfield>
		</datafield>
		<datafield tag="899" ind1=" " ind2=" ">
			<subfield code="j">M/2965</subfield>
			<subfield code="x">dig78dig</subfield>
		</datafield>
		<datafield tag="956" ind1=" " ind2=" ">
			<subfield code="a">1</subfield>
		</datafield>
		<datafield tag="980" ind1=" " ind2=" ">
			<subfield code=".">561.   </subfield>
			<subfield code="a">Proc. Registro Propiedad Intelectual</subfield>
			<subfield code=".">563.   </subfield>
			<subfield code="a">Enc. en pasta española; filetes dorados y tejuelo verde oscuro en el lomo; superlibris de la Biblioteca Nacional en las tapas</subfield>
			<subfield code=".">852. 40</subfield>
			<subfield code="a">M-BN</subfield>
			<subfield code="b">BNMADRID</subfield>
			<subfield code="9">PA00114892</subfield>
			<subfield code="j">M/2965</subfield>
			<subfield code="z">Firma ms. de Joaquín Ferrer </subfield>
			<subfield code="x">CH003472</subfield>
			<subfield code="u">Sello del editor: &quot;Pablo Martín, editor, música y pianos, Correo, 4, Madrid&quot;</subfield>
			<subfield code="u">Sello con la firma de R. Chapí</subfield>
			<subfield code="c">SALA_BARBI</subfield>
		</datafield>
	</record>