
	<record>
		<leader>02007ckm a2200337   4500</leader>
		<controlfield tag="001">a4723543</controlfield>
		<controlfield tag="005">20140321        </controlfield>
		<controlfield tag="007">kh*bob</controlfield>
		<controlfield tag="008">100330q189u    sp o              k spa  </controlfield>
		<datafield tag="035" ind1=" " ind2=" ">
			<subfield code="a">(OCoLC)776423226</subfield>
		</datafield>
		<datafield tag="040" ind1=" " ind2=" ">
			<subfield code="a">SpMaBN</subfield>
			<subfield code="b">spa</subfield>
			<subfield code="c">SpMaBN</subfield>
			<subfield code="e">rdc</subfield>
		</datafield>
		<datafield tag="100" ind1="1" ind2=" ">
			<subfield code="a">Esplugas, Antoni</subfield>
			<subfield code="d">1852-1929</subfield>
		</datafield>
		<datafield tag="245" ind1="1" ind2="0">
			<subfield code="a">Carlos Fernández Shaw</subfield>
			<subfield code="h">[Material gráfico]</subfield>
			<subfield code="c">A. Esplugas</subfield>
		</datafield>
		<datafield tag="260" ind1=" " ind2=" ">
			<subfield code="c">[189?]</subfield>
		</datafield>
		<datafield tag="300" ind1=" " ind2=" ">
			<subfield code="a">1 fotografía</subfield>
			<subfield code="b">papel albúmina</subfield>
			<subfield code="c">137 x 94 mm sobre soporte de 165 x 109 mm (tarjeta americana)</subfield>
		</datafield>
		<datafield tag="500" ind1=" " ind2=" ">
			<subfield code="a">En el recto del soporte secundario, debajo de la fotografía, impreso en letras doradas: &quot;Fotografía Suiza/BARCELONA/PLAZA DEL TEATRO 1&quot;</subfield>
		</datafield>
		<datafield tag="500" ind1=" " ind2=" ">
			<subfield code="a">En el verso del soporte secundario impreso en tinta marrón: &quot;Fotografía Suiza/PLAZA DEL TEATRO 1/BARCELONA/AL LADO DE LA FONDA DEL FALCÓN/Procedimientos instantáneos/ESPECIALIDAD EN ESMALTES/Gran Colección de vistas de Barcelona&quot;.</subfield>
		</datafield>
		<datafield tag="510" ind1="4" ind2=" ">
			<subfield code="a">150 años de fotografía en la Biblioteca Nacional</subfield>
			<subfield code="c">p. 131</subfield>
		</datafield>
		<datafield tag="520" ind1="8" ind2=" ">
			<subfield code="a">Retrato en busto perdido.</subfield>
		</datafield>
		<datafield tag="594" ind1=" " ind2=" ">
			<subfield code="a">Título tomado de la anotación manuscrita a tinta negra en el verso del soporte secundario.</subfield>
		</datafield>
		<datafield tag="594" ind1=" " ind2=" ">
			<subfield code="a">Mención de responsabilidad tomada del sello en seco del ángulo inferior derecho de la fotografía: &quot;A. Esplugas/BARCELONA/PLAZA DEL TEATRO 7&quot;</subfield>
		</datafield>
		<datafield tag="600" ind1="1" ind2=" ">
			<subfield code="a">Fernández-Shaw, Carlos</subfield>
			<subfield code="d">1865-1911</subfield>
			<subfield code="2">embne</subfield>
		</datafield>
		<datafield tag="650" ind1=" " ind2="7">
			<subfield code="a">Escritores españoles</subfield>
			<subfield code="y">S.XIX</subfield>
			<subfield code="x">Retratos</subfield>
			<subfield code="2">embne</subfield>
		</datafield>
		<datafield tag="650" ind1=" " ind2="7">
			<subfield code="a">Escritores españoles</subfield>
			<subfield code="y">S.XX</subfield>
			<subfield code="x">Retratos</subfield>
			<subfield code="2">embne</subfield>
		</datafield>
		<datafield tag="655" ind1=" " ind2="7">
			<subfield code="a">Retratos fotográficos</subfield>
			<subfield code="z">España</subfield>
			<subfield code="y">S.XIX</subfield>
			<subfield code="2">tgfbne</subfield>
		</datafield>
		<datafield tag="655" ind1=" " ind2="7">
			<subfield code="a">Positivos a la albúmina</subfield>
			<subfield code="z">España</subfield>
			<subfield code="y">S.XIX</subfield>
			<subfield code="2">tgfbne</subfield>
		</datafield>
		<datafield tag="655" ind1=" " ind2="7">
			<subfield code="a">Positivos sobre tarjeta americana</subfield>
			<subfield code="z">España</subfield>
			<subfield code="y">S.XIX</subfield>
		</datafield>
		<datafield tag="856" ind1="4" ind2="1">
			<subfield code="u">http://bdh-rd.bne.es/viewer.vm?id=0000053215</subfield>
			<subfield code="y">Biblioteca Digital Hispánica</subfield>
		</datafield>
		<datafield tag="956" ind1=" " ind2=" ">
			<subfield code="a">1</subfield>
		</datafield>
		<datafield tag="980" ind1=" " ind2=" ">
			<subfield code=".">852. 40</subfield>
			<subfield code="a">M-BN</subfield>
			<subfield code="b">BNMADRID</subfield>
			<subfield code="j">17/166/171</subfield>
			<subfield code="c">SALA_GOYA</subfield>
			<subfield code="x">BA.</subfield>
			<subfield code="d">17/166/Caja 3.</subfield>
			<subfield code="z">En el verso del soporte secundario estampado en tinta azul &quot;Mayo 7&quot;, &quot;00344&quot; y un sello cuadrado &quot;BIBLIOTECA PROVINCIAL UNIVERSITARIA BARCELONA&quot;.</subfield>
		</datafield>
		<datafield tag="899" ind1=" " ind2=" ">
			<subfield code="j">17/166/171</subfield>
		</datafield>
	</record>