
	<record>
		<leader>00876cam a2200241 c 4500</leader>
		<controlfield tag="001">a4972694</controlfield>
		<controlfield tag="005">20140226        </controlfield>
		<controlfield tag="008">101229s1936    sp            000 0 spa  </controlfield>
		<datafield tag="035" ind1=" " ind2=" ">
			<subfield code="a">(OCoLC)13203212</subfield>
		</datafield>
		<datafield tag="040" ind1=" " ind2=" ">
			<subfield code="a">SpMaBN</subfield>
			<subfield code="b">spa</subfield>
			<subfield code="c">SpMaBN</subfield>
			<subfield code="e">rdc</subfield>
		</datafield>
		<datafield tag="080" ind1=" " ind2=" ">
			<subfield code="a">913(460.357 G.)</subfield>
		</datafield>
		<datafield tag="100" ind1="1" ind2=" ">
			<subfield code="a">Ganivet, Ángel</subfield>
			<subfield code="d">1865-1898</subfield>
		</datafield>
		<datafield tag="245" ind1="1" ind2="0">
			<subfield code="a">Granada la bella</subfield>
			<subfield code="h">[Texto impreso]</subfield>
			<subfield code="c">Ángel Ganivet</subfield>
		</datafield>
		<datafield tag="250" ind1=" " ind2=" ">
			<subfield code="a">4ª ed.</subfield>
		</datafield>
		<datafield tag="260" ind1=" " ind2=" ">
			<subfield code="a">Madrid</subfield>
			<subfield code="b">Librería General de Victoriano Suárez</subfield>
			<subfield code="c">1936</subfield>
		</datafield>
		<datafield tag="300" ind1=" " ind2=" ">
			<subfield code="a">107 p.</subfield>
			<subfield code="c">19 cm</subfield>
		</datafield>
		<datafield tag="490" ind1="0" ind2=" ">
			<subfield code="a">Obras completas de Ángel Ganivet</subfield>
			<subfield code="v">v 6</subfield>
		</datafield>
		<datafield tag="651" ind1=" " ind2="7">
			<subfield code="a">Granada</subfield>
			<subfield code="x">Descripción</subfield>
			<subfield code="2">embne</subfield>
		</datafield>
		<datafield tag="856" ind1="4" ind2="1">
			<subfield code="u">http://bdh-rd.bne.es/viewer.vm?id=0000124426&amp;page=1</subfield>
			<subfield code="y">Biblioteca Digital Hispánica</subfield>
		</datafield>
		<datafield tag="956" ind1=" " ind2=" ">
			<subfield code="a">1</subfield>
		</datafield>
		<datafield tag="980" ind1=" " ind2=" ">
			<subfield code=".">563.   </subfield>
			<subfield code="a">Holandesa</subfield>
			<subfield code=".">852. 40</subfield>
			<subfield code="a">M-BN</subfield>
			<subfield code="b">BNMADRID</subfield>
			<subfield code="9">MO00024774</subfield>
			<subfield code="j">4/157799</subfield>
			<subfield code="d">5/13182</subfield>
			<subfield code="z">Sello con la firma del autor</subfield>
			<subfield code="c">SG_RECOLET</subfield>
		</datafield>
		<datafield tag="899" ind1=" " ind2=" ">
			<subfield code="j">4/157799</subfield>
			<subfield code="x">DIG XIX</subfield>
		</datafield>
		<datafield tag="899" ind1=" " ind2=" ">
			<subfield code="x">dig91dig</subfield>
		</datafield>
	</record>