
	<record>
		<leader>01027cam a2200265 1 4500</leader>
		<controlfield tag="001">a4419008</controlfield>
		<controlfield tag="005">20140224        </controlfield>
		<controlfield tag="008">090130s1926    sp            000   spa  </controlfield>
		<datafield tag="035" ind1=" " ind2=" ">
			<subfield code="a">(OCoLC)434389033</subfield>
		</datafield>
		<datafield tag="040" ind1=" " ind2=" ">
			<subfield code="a">SpMaBN</subfield>
			<subfield code="b">spa</subfield>
			<subfield code="c">SpMaBN</subfield>
			<subfield code="e">rdc</subfield>
		</datafield>
		<datafield tag="080" ind1=" " ind2=" ">
			<subfield code="a">008(460)</subfield>
		</datafield>
		<datafield tag="080" ind1=" " ind2=" ">
			<subfield code="a">821.113.5.09&quot;18&quot;</subfield>
		</datafield>
		<datafield tag="100" ind1="1" ind2=" ">
			<subfield code="a">Ganivet, Ángel</subfield>
			<subfield code="d">1865-1898</subfield>
		</datafield>
		<datafield tag="245" ind1="1" ind2="0">
			<subfield code="a">Hombres del norte</subfield>
			<subfield code="h">[Texto impreso] :</subfield>
			<subfield code="b">y  El porvenir de España</subfield>
			<subfield code="c">Ángel Ganivet</subfield>
		</datafield>
		<datafield tag="260" ind1=" " ind2=" ">
			<subfield code="a">Madrid</subfield>
			<subfield code="b">Francisco Beltrán</subfield>
			<subfield code="b">Victoriano Suárez</subfield>
			<subfield code="c">[1926]</subfield>
		</datafield>
		<datafield tag="300" ind1=" " ind2=" ">
			<subfield code="a">124 p.</subfield>
			<subfield code="c">19 cm</subfield>
		</datafield>
		<datafield tag="490" ind1="0" ind2=" ">
			<subfield code="a">Obras completas de Ángel Ganivet</subfield>
			<subfield code="v">v 8</subfield>
		</datafield>
		<datafield tag="650" ind1=" " ind2="7">
			<subfield code="a">Literatura noruega</subfield>
			<subfield code="y">S.XIX</subfield>
			<subfield code="x">Historia y crítica</subfield>
			<subfield code="2">embne</subfield>
		</datafield>
		<datafield tag="651" ind1=" " ind2="7">
			<subfield code="a">España</subfield>
			<subfield code="x">Civilización</subfield>
			<subfield code="2">embne</subfield>
		</datafield>
		<datafield tag="740" ind1="3" ind2="2">
			<subfield code="a">El porvenir de España</subfield>
		</datafield>
		<datafield tag="856" ind1="4" ind2="1">
			<subfield code="u">http://bdh-rd.bne.es/viewer.vm?id=0000103111&amp;page=1</subfield>
			<subfield code="y">Biblioteca Digital Hispánica</subfield>
		</datafield>
		<datafield tag="956" ind1=" " ind2=" ">
			<subfield code="a">2</subfield>
		</datafield>
		<datafield tag="980" ind1=" " ind2=" ">
			<subfield code=".">563.   </subfield>
			<subfield code="a">Holandesa</subfield>
			<subfield code=".">852. 40</subfield>
			<subfield code="a">M-BN</subfield>
			<subfield code="b">BNALCALA</subfield>
			<subfield code="9">MO00074542</subfield>
			<subfield code="j">AHMO/442458</subfield>
			<subfield code="d">5/13182</subfield>
			<subfield code="z">Sello con la firma del autor</subfield>
			<subfield code="c">SG_PETANTI</subfield>
		</datafield>
		<datafield tag="899" ind1=" " ind2=" ">
			<subfield code="j">AHMO/442458</subfield>
			<subfield code="x">DIG XIX</subfield>
		</datafield>
		<datafield tag="899" ind1=" " ind2=" ">
			<subfield code="x">dig821dig</subfield>
		</datafield>
	</record>