
	<record>
		<leader>01353nas a2200349 i 4500</leader>
		<controlfield tag="001">bise0000066242</controlfield>
		<controlfield tag="005">20131107        </controlfield>
		<controlfield tag="007">ta</controlfield>
		<controlfield tag="008">961205d19221923sp er p       0uuub0spa  </controlfield>
		<datafield tag="016" ind1="7" ind2=" ">
			<subfield code="a">biseBNE19970173146</subfield>
			<subfield code="2">SpMaBN</subfield>
			<subfield code="z">REB1996020712</subfield>
		</datafield>
		<datafield tag="022" ind1="0" ind2=" ">
			<subfield code="a">1889-9943</subfield>
			<subfield code="2">_u</subfield>
		</datafield>
		<datafield tag="035" ind1=" " ind2=" ">
			<subfield code="a">(OCoLC)436688362</subfield>
		</datafield>
		<datafield tag="040" ind1=" " ind2=" ">
			<subfield code="a">SpMaBN</subfield>
			<subfield code="b">spa</subfield>
			<subfield code="c">SIC</subfield>
		</datafield>
		<datafield tag="080" ind1=" " ind2="0">
			<subfield code="a">821.134.2-14&quot;19&quot;(082.2)</subfield>
		</datafield>
		<datafield tag="130" ind1="0" ind2="0">
			<subfield code="a">Horizonte (Madrid. 1922)</subfield>
		</datafield>
		<datafield tag="210" ind1="0" ind2=" ">
			<subfield code="a">Horizonte</subfield>
			<subfield code="b">Madr.</subfield>
		</datafield>
		<datafield tag="222" ind1=" " ind2="0">
			<subfield code="a">Horizonte</subfield>
			<subfield code="b">Madrid</subfield>
		</datafield>
		<datafield tag="245" ind1="0" ind2="0">
			<subfield code="a">Horizonte</subfield>
			<subfield code="h">[Texto impreso] :</subfield>
			<subfield code="b">arte literatura crítica</subfield>
		</datafield>
		<datafield tag="260" ind1=" " ind2=" ">
			<subfield code="a">Madrid</subfield>
			<subfield code="b">Horizonte</subfield>
			<subfield code="e">Madrid</subfield>
			<subfield code="f">Imprenta Clásica Española</subfield>
		</datafield>
		<datafield tag="300" ind1=" " ind2=" ">
			<subfield code="a">   v.</subfield>
			<subfield code="c">26 x 27 cm</subfield>
		</datafield>
		<datafield tag="310" ind1=" " ind2=" ">
			<subfield code="a">quincenal</subfield>
		</datafield>
		<datafield tag="321" ind1=" " ind2=" ">
			<subfield code="a">Decenal</subfield>
		</datafield>
		<datafield tag="362" ind1="1" ind2=" ">
			<subfield code="a">Comenzó en 1922; cesó en 1923</subfield>
		</datafield>
		<datafield tag="500" ind1=" " ind2=" ">
			<subfield code="a">Director, Pedro Garfias</subfield>
		</datafield>
		<datafield tag="515" ind1=" " ind2=" ">
			<subfield code="a">1. fasc. sin numerar</subfield>
		</datafield>
		<datafield tag="580" ind1=" " ind2="2">
			<subfield code="a">Existe reprod. facsímil editada en Sevilla : Renacimiento, 1991</subfield>
		</datafield>
		<datafield tag="650" ind1=" " ind2="7">
			<subfield code="a">Poesías españolas</subfield>
			<subfield code="y">S.XX</subfield>
			<subfield code="2">embne</subfield>
		</datafield>
		<datafield tag="700" ind1="1" ind2="1">
			<subfield code="a">Garfias, Pedro</subfield>
			<subfield code="d">1901-1967</subfield>
		</datafield>
		<datafield tag="856" ind1="4" ind2="1">
			<subfield code="u">http://hemerotecadigital.bne.es/issn/1889-9943</subfield>
			<subfield code="y">Hemeroteca Digital</subfield>
		</datafield>
		<datafield tag="856" ind1="4" ind2="1">
			<subfield code="3">1922-1923</subfield>
			<subfield code="u">http://www.edaddeplata.org/revistas_edaddeplata/index.html</subfield>
			<subfield code="y">Versión en línea</subfield>
		</datafield>
		<datafield tag="956" ind1=" " ind2=" ">
			<subfield code="a">2</subfield>
		</datafield>
		<datafield tag="980" ind1=" " ind2=" ">
			<subfield code=".">022. 0 </subfield>
			<subfield code="a">1889-9943</subfield>
			<subfield code=".">852. 41</subfield>
			<subfield code="a">M-BN</subfield>
			<subfield code="b">BNMADRID</subfield>
			<subfield code="9">SE00068795</subfield>
			<subfield code="j">ZR/807</subfield>
			<subfield code="d">D/7529</subfield>
			<subfield code="d">Z/21052</subfield>
			<subfield code="x">PS</subfield>
			<subfield code="c">SALA_SPR</subfield>
			<subfield code=".">853. 03</subfield>
			<subfield code="8">1</subfield>
			<subfield code="a">Año</subfield>
			<subfield code="b">n.</subfield>
			<subfield code="i">(año)</subfield>
			<subfield code="j">(mes)</subfield>
			<subfield code="w">s</subfield>
			<subfield code=".">866. 40</subfield>
			<subfield code="8">0</subfield>
			<subfield code="a">(1922)</subfield>
		</datafield>
	</record>