
	<record>
		<leader>02391njm a2200505   4500</leader>
		<controlfield tag="001">biso0000605435</controlfield>
		<controlfield tag="005">20140227        </controlfield>
		<controlfield tag="007">sd dmsdnnmslue</controlfield>
		<controlfield tag="008">930829s1954    sp za            1  spa  </controlfield>
		<datafield tag="015" ind1=" " ind2=" ">
			<subfield code="a">SONPZ</subfield>
			<subfield code="a">SON5</subfield>
		</datafield>
		<datafield tag="028" ind1="1" ind2="0">
			<subfield code="a">CPT 8528, CPT 8529</subfield>
		</datafield>
		<datafield tag="028" ind1="0" ind2="0">
			<subfield code="a">P 5001</subfield>
			<subfield code="b">Pathé</subfield>
		</datafield>
		<datafield tag="035" ind1=" " ind2=" ">
			<subfield code="a">(OCoLC)431644110</subfield>
		</datafield>
		<datafield tag="040" ind1=" " ind2=" ">
			<subfield code="a">SpMaBN</subfield>
			<subfield code="b">spa</subfield>
			<subfield code="c">SpMaBN</subfield>
			<subfield code="e">rdc</subfield>
		</datafield>
		<datafield tag="084" ind1=" " ind2=" ">
			<subfield code="a">5</subfield>
			<subfield code="2">MU</subfield>
		</datafield>
		<datafield tag="084" ind1=" " ind2=" ">
			<subfield code="a">3.1</subfield>
			<subfield code="2">MU</subfield>
		</datafield>
		<datafield tag="100" ind1="1" ind2=" ">
			<subfield code="a">Serrano, José</subfield>
			<subfield code="d">1873-1941</subfield>
		</datafield>
		<datafield tag="240" ind1="1" ind2="3">
			<subfield code="a">El trust de los tenorios.</subfield>
			<subfield code="p">Te quiero, morena</subfield>
		</datafield>
		<datafield tag="245" ind1="0" ind2="3">
			<subfield code="a">El trust de los tenorios.</subfield>
			<subfield code="p">Te quiero : jota</subfield>
			<subfield code="h">[Grabación sonora] </subfield>
			<subfield code="c">Arniches, García Álvarez y Serrano. Princesita : canción / Fernández Palomero y Padilla</subfield>
		</datafield>
		<datafield tag="246" ind1="3" ind2="0">
			<subfield code="a">Te quiero, morena</subfield>
		</datafield>
		<datafield tag="260" ind1=" " ind2=" ">
			<subfield code="a">Barcelona</subfield>
			<subfield code="b">fabricado por la Compañía del Gramófono Odeón</subfield>
			<subfield code="c">[1954]</subfield>
		</datafield>
		<datafield tag="300" ind1=" " ind2=" ">
			<subfield code="a">1 disco (6 min)</subfield>
			<subfield code="b">78 rpm</subfield>
			<subfield code="c">25 cm</subfield>
		</datafield>
		<datafield tag="500" ind1=" " ind2=" ">
			<subfield code="a">Etiqueta roja</subfield>
		</datafield>
		<datafield tag="500" ind1=" " ind2=" ">
			<subfield code="a">Estrenada en el Teatro Apolo de Madrid, el 3 de diciembre de 1910 -- Estrenada en el Teatro de la Comedia de Buenos Aires, el 24 de junio de 1916</subfield>
		</datafield>
		<datafield tag="510" ind1="4" ind2=" ">
			<subfield code="a">Incluido en el &quot;Catálogo de discos de 78 rpm en la B.N.&quot;, nº 5972</subfield>
		</datafield>
		<datafield tag="511" ind1="1" ind2=" ">
			<subfield code="a">Pedro Fleta, tenor, con acompañamiento de orquesta ; dir. Jacques Metehen</subfield>
		</datafield>
		<datafield tag="533" ind1=" " ind2=" ">
			<subfield code="a">Copia digital de conservación (CD y DAT), 1995-2000</subfield>
		</datafield>
		<datafield tag="593" ind1=" " ind2=" ">
			<subfield code="a">Datos tomados de la partitura vocal</subfield>
		</datafield>
		<datafield tag="596" ind1=" " ind2=" ">
			<subfield code="a">En hojas declaratorias de D.L. &quot;Les Industries Musicales et Electriques Pathé Marconi, 1954&quot;</subfield>
		</datafield>
		<datafield tag="650" ind1=" " ind2="7">
			<subfield code="a">Sainetes líricos</subfield>
			<subfield code="x">Fragmentos</subfield>
			<subfield code="2">embne</subfield>
		</datafield>
		<datafield tag="650" ind1=" " ind2="7">
			<subfield code="a">Zarzuelas</subfield>
			<subfield code="x">Fragmentos</subfield>
			<subfield code="2">embne</subfield>
		</datafield>
		<datafield tag="650" ind1=" " ind2="7">
			<subfield code="a">Canciones (Tenor) con orquesta</subfield>
			<subfield code="2">embne</subfield>
		</datafield>
		<datafield tag="700" ind1="1" ind2="2">
			<subfield code="a">Padilla, José</subfield>
			<subfield code="d">1889-1960</subfield>
			<subfield code="t">La corte del amor.</subfield>
			<subfield code="p">Princesita</subfield>
		</datafield>
		<datafield tag="700" ind1="1" ind2=" ">
			<subfield code="a">Arniches, Carlos</subfield>
			<subfield code="d">1866-1943</subfield>
		</datafield>
		<datafield tag="700" ind1="1" ind2=" ">
			<subfield code="a">García Álvarez, Enrique</subfield>
			<subfield code="d">1873-1931</subfield>
		</datafield>
		<datafield tag="700" ind1="1" ind2=" ">
			<subfield code="a">Fernández Palomero, Manuel</subfield>
			<subfield code="d">1877-1949</subfield>
		</datafield>
		<datafield tag="700" ind1="1" ind2=" ">
			<subfield code="a">Fleta, Pierre</subfield>
			<subfield code="d">1925-</subfield>
			<subfield code="e">int.</subfield>
		</datafield>
		<datafield tag="700" ind1="1" ind2=" ">
			<subfield code="a">Metehen, Jacques</subfield>
			<subfield code="d">1903-1986</subfield>
			<subfield code="e">dir.</subfield>
		</datafield>
		<datafield tag="740" ind1="3" ind2="2">
			<subfield code="a">La corte del amor</subfield>
		</datafield>
		<datafield tag="740" ind1="0" ind2="2">
			<subfield code="a">Princesita</subfield>
		</datafield>
		<datafield tag="856" ind1="4" ind2="1">
			<subfield code="u">http://bdh.bne.es/bnesearch/detalle/bdh0000037337</subfield>
			<subfield code="y">Biblioteca Digital Hispánica</subfield>
		</datafield>
		<datafield tag="956" ind1=" " ind2=" ">
			<subfield code="a">1</subfield>
		</datafield>
		<datafield tag="980" ind1=" " ind2=" ">
			<subfield code=".">852. 40</subfield>
			<subfield code="a">M-BN</subfield>
			<subfield code="b">BNMADRID</subfield>
			<subfield code="9">DD00288361</subfield>
			<subfield code="j">Ds/294/17</subfield>
			<subfield code="x">MU</subfield>
			<subfield code="c">SALA_BARBI</subfield>
		</datafield>
		<datafield tag="980" ind1=" " ind2=" ">
			<subfield code=".">843.   </subfield>
			<subfield code="a">Disco compacto</subfield>
			<subfield code="b">Sevilla</subfield>
			<subfield code="c">Fonotrón</subfield>
			<subfield code="d">2001</subfield>
			<subfield code="e">1 disco cd; 12 cm</subfield>
			<subfield code=".">852. 40</subfield>
			<subfield code="a">SpMaBN</subfield>
			<subfield code="b">BNMADRID</subfield>
			<subfield code="c">SALA_BARBI</subfield>
			<subfield code="j">Soncd/695(9-10)</subfield>
			<subfield code="z">Reproducción de las obras del &quot;Cat. 78 rpm en la BN&quot;: Nº 5968-5977</subfield>
		</datafield>
		<datafield tag="899" ind1=" " ind2=" ">
			<subfield code="j">DS/294/17</subfield>
			<subfield code="x">dig78dig</subfield>
		</datafield>
	</record>