
	<record>
		<leader>02066njm a22004451i 4500</leader>
		<controlfield tag="001">biso0000566507</controlfield>
		<controlfield tag="005">20140227        </controlfield>
		<controlfield tag="007">sd dmsennmslue</controlfield>
		<controlfield tag="008">930829s1935    sp mu            1  spa  </controlfield>
		<datafield tag="015" ind1=" " ind2=" ">
			<subfield code="a">SONPZ</subfield>
			<subfield code="a">SON5</subfield>
		</datafield>
		<datafield tag="028" ind1="1" ind2="0">
			<subfield code="a">A 37324, A 37325</subfield>
		</datafield>
		<datafield tag="028" ind1="0" ind2="0">
			<subfield code="a">DB 1079</subfield>
			<subfield code="b">La Voz de su Amo</subfield>
		</datafield>
		<datafield tag="035" ind1=" " ind2=" ">
			<subfield code="a">(OCoLC)714851642</subfield>
		</datafield>
		<datafield tag="040" ind1=" " ind2=" ">
			<subfield code="a">SpMaBN</subfield>
			<subfield code="b">spa</subfield>
			<subfield code="c">SpMaBN</subfield>
			<subfield code="e">rdc</subfield>
		</datafield>
		<datafield tag="047" ind1=" " ind2=" ">
			<subfield code="a">sg</subfield>
			<subfield code="a">za</subfield>
		</datafield>
		<datafield tag="084" ind1=" " ind2=" ">
			<subfield code="a">3.1</subfield>
			<subfield code="2">MU</subfield>
		</datafield>
		<datafield tag="084" ind1=" " ind2=" ">
			<subfield code="a">5</subfield>
			<subfield code="2">MU</subfield>
		</datafield>
		<datafield tag="100" ind1="1" ind2=" ">
			<subfield code="a">Álvarez, Fermín María</subfield>
			<subfield code="d">1833-1898</subfield>
		</datafield>
		<datafield tag="245" ind1="1" ind2="3">
			<subfield code="a">La partida</subfield>
			<subfield code="h">[Grabación sonora] :</subfield>
			<subfield code="b">canción española</subfield>
			<subfield code="c">Fermín María Álvarez. Alma de Dios. Canción española / José Serrano Simeón, Carlos Arniches Barrera, Enrique García Álvarez</subfield>
		</datafield>
		<datafield tag="260" ind1=" " ind2=" ">
			<subfield code="a">Barcelona</subfield>
			<subfield code="b">fabricado por la Compañía del Gramófono Odeón</subfield>
			<subfield code="c">[1935]</subfield>
		</datafield>
		<datafield tag="300" ind1=" " ind2=" ">
			<subfield code="a">1 disco (8 min)</subfield>
			<subfield code="b">78 rpm</subfield>
			<subfield code="c">30 cm</subfield>
		</datafield>
		<datafield tag="500" ind1=" " ind2=" ">
			<subfield code="a">Etiqueta roja con logo &quot;La Voz de su Amo&quot;</subfield>
		</datafield>
		<datafield tag="500" ind1=" " ind2=" ">
			<subfield code="a">En etiqueta: &quot;Español&quot;</subfield>
		</datafield>
		<datafield tag="500" ind1=" " ind2=" ">
			<subfield code="a">Alma de Dios fué estrenada el 17 de diciembre de 1907</subfield>
		</datafield>
		<datafield tag="510" ind1="4" ind2=" ">
			<subfield code="a">Incluido en el &quot;Catálogo de discos de 78 rpm en la B.N.&quot;, nº 64</subfield>
		</datafield>
		<datafield tag="511" ind1="1" ind2=" ">
			<subfield code="a">Tito Schipa, con acompañamiento de orquesta</subfield>
		</datafield>
		<datafield tag="533" ind1=" " ind2=" ">
			<subfield code="a">Copia digital de conservación (CD y DAT), 1995-2000</subfield>
		</datafield>
		<datafield tag="596" ind1=" " ind2=" ">
			<subfield code="a">En hojas declaratorias de D.L. &quot;RCA Manufacturing Company, 1928&quot;</subfield>
		</datafield>
		<datafield tag="650" ind1=" " ind2="7">
			<subfield code="a">Zarzuelas</subfield>
			<subfield code="x">Fragmentos</subfield>
			<subfield code="2">embne</subfield>
		</datafield>
		<datafield tag="650" ind1=" " ind2="7">
			<subfield code="a">Canciones (Tenor) con orquesta</subfield>
			<subfield code="2">embne</subfield>
		</datafield>
		<datafield tag="700" ind1="1" ind2="2">
			<subfield code="a">Serrano, José</subfield>
			<subfield code="d">1873-1941</subfield>
			<subfield code="t">Alma de Dios.</subfield>
			<subfield code="p">Canción española</subfield>
		</datafield>
		<datafield tag="700" ind1="1" ind2=" ">
			<subfield code="a">Arniches, Carlos</subfield>
			<subfield code="d">1866-1943</subfield>
		</datafield>
		<datafield tag="700" ind1="1" ind2=" ">
			<subfield code="a">García Álvarez, Enrique</subfield>
			<subfield code="d">1873-1931</subfield>
		</datafield>
		<datafield tag="700" ind1="1" ind2=" ">
			<subfield code="a">Schipa, Tito</subfield>
			<subfield code="d">1888-1965</subfield>
			<subfield code="e">int.</subfield>
		</datafield>
		<datafield tag="740" ind1="0" ind2="1">
			<subfield code="a">Alma de Dios</subfield>
		</datafield>
		<datafield tag="856" ind1="4" ind2="1">
			<subfield code="u">http://bdh.bne.es/bnesearch/detalle/bdh0000004899</subfield>
			<subfield code="y">Biblioteca Digital Hispánica</subfield>
		</datafield>
		<datafield tag="956" ind1=" " ind2=" ">
			<subfield code="a">1</subfield>
		</datafield>
		<datafield tag="980" ind1=" " ind2=" ">
			<subfield code=".">852. 40</subfield>
			<subfield code="a">M-BN</subfield>
			<subfield code="b">BNMADRID</subfield>
			<subfield code="9">DD00277545</subfield>
			<subfield code="j">Ds/22/7</subfield>
			<subfield code="u">Sello Compañía del Gramófono </subfield>
			<subfield code="x">MU</subfield>
			<subfield code="c">SALA_BARBI</subfield>
		</datafield>
		<datafield tag="980" ind1=" " ind2=" ">
			<subfield code=".">843.   </subfield>
			<subfield code="a">Disco compacto</subfield>
			<subfield code="b">Madrid</subfield>
			<subfield code="c">Musigrama</subfield>
			<subfield code="d">1996</subfield>
			<subfield code="e">1 disco CD; 12 cm</subfield>
			<subfield code=".">852. 40</subfield>
			<subfield code="a">M-BN</subfield>
			<subfield code="b">BNMADRID</subfield>
			<subfield code="j">Soncd/9</subfield>
			<subfield code="z">Reproducción de las obras del &quot;Cat. 78 rpm en la BN&quot;: Nº 63-70</subfield>
			<subfield code="x">MU</subfield>
			<subfield code="c">SALA_BARBI</subfield>
		</datafield>
		<datafield tag="899" ind1=" " ind2=" ">
			<subfield code="j">Ds/22/7</subfield>
			<subfield code="x">dig78dig</subfield>
		</datafield>
	</record>