
	<record>
		<leader>03333njm a2200625   4500</leader>
		<controlfield tag="001">biso0000729581</controlfield>
		<controlfield tag="005">20140227        </controlfield>
		<controlfield tag="007">sd dmsdnnmslua</controlfield>
		<controlfield tag="008">081006s1931    sp mu            1  mul  </controlfield>
		<datafield tag="015" ind1=" " ind2=" ">
			<subfield code="a">SONPZ</subfield>
			<subfield code="a">SON5</subfield>
		</datafield>
		<datafield tag="028" ind1="1" ind2="0">
			<subfield code="a">Be 388, Bb 2843</subfield>
		</datafield>
		<datafield tag="028" ind1="0" ind2="0">
			<subfield code="a">7-62034, 7-62036</subfield>
		</datafield>
		<datafield tag="028" ind1="0" ind2="0">
			<subfield code="a">DA 445</subfield>
			<subfield code="b">Disco Gramófono</subfield>
		</datafield>
		<datafield tag="035" ind1=" " ind2=" ">
			<subfield code="a">(OCoLC)776640405</subfield>
		</datafield>
		<datafield tag="040" ind1=" " ind2=" ">
			<subfield code="a">SpMaBN</subfield>
			<subfield code="b">spa</subfield>
			<subfield code="c">SpMaBN</subfield>
			<subfield code="e">rdc</subfield>
		</datafield>
		<datafield tag="041" ind1="0" ind2=" ">
			<subfield code="d">spa</subfield>
			<subfield code="d">ita</subfield>
		</datafield>
		<datafield tag="047" ind1=" " ind2=" ">
			<subfield code="a">tl</subfield>
			<subfield code="a">op</subfield>
			<subfield code="a">sg</subfield>
		</datafield>
		<datafield tag="084" ind1=" " ind2=" ">
			<subfield code="a">5</subfield>
			<subfield code="2">MU</subfield>
		</datafield>
		<datafield tag="084" ind1=" " ind2=" ">
			<subfield code="a">3.1</subfield>
			<subfield code="2">MU</subfield>
		</datafield>
		<datafield tag="100" ind1="1" ind2=" ">
			<subfield code="a">Serrano, José</subfield>
			<subfield code="d">1873-1941</subfield>
		</datafield>
		<datafield tag="240" ind1="1" ind2="0">
			<subfield code="a">El trust de los tenorios.</subfield>
			<subfield code="p">Te quiero, morena</subfield>
		</datafield>
		<datafield tag="245" ind1="1" ind2="3">
			<subfield code="a">El trust de los tenorios.</subfield>
			<subfield code="p">Te quiero</subfield>
			<subfield code="h">[Grabación sonora] :</subfield>
			<subfield code="b">jota </subfield>
			<subfield code="c">Serrano. I puritani. Ate, o cara, amor talore / Bellini</subfield>
		</datafield>
		<datafield tag="260" ind1=" " ind2=" ">
			<subfield code="a">Barcelona</subfield>
			<subfield code="b">fabricado por la Compañía del Gramófono</subfield>
			<subfield code="c">[ca. 1931]</subfield>
		</datafield>
		<datafield tag="300" ind1=" " ind2=" ">
			<subfield code="a">1 disco (6 min)</subfield>
			<subfield code="b">78 rpm</subfield>
			<subfield code="c">25 cm</subfield>
		</datafield>
		<datafield tag="500" ind1=" " ind2=" ">
			<subfield code="a">Etiqueta roja con logo de &quot;La Voz de su Amo&quot; en color</subfield>
		</datafield>
		<datafield tag="500" ind1=" " ind2=" ">
			<subfield code="a">En etiqueta: &quot;Tenor ac. orq.&quot;, &quot;Español&quot;, &quot;Italiano</subfield>
		</datafield>
		<datafield tag="500" ind1=" " ind2=" ">
			<subfield code="a">Estrenada en el Teatro Apolo de Madrid, el día 3 de diciembre de 1910</subfield>
		</datafield>
		<datafield tag="510" ind1="4" ind2=" ">
			<subfield code="a">Catálogo general de discos marca &quot;La Voz de su Amo&quot;, enero 1932</subfield>
			<subfield code="c">p. 51</subfield>
		</datafield>
		<datafield tag="511" ind1="1" ind2=" ">
			<subfield code="a">Miguel Fleta con acompañamiento de orquesta ; dir., Carlo Sabajno</subfield>
		</datafield>
		<datafield tag="518" ind1=" " ind2=" ">
			<subfield code="a">Grabado en Milán el 14-IV-1922, 1ª toma de la 1ª versión -- Grabado en Hayes (R.U.) el 17-IV-1923</subfield>
		</datafield>
		<datafield tag="533" ind1=" " ind2=" ">
			<subfield code="a">Copia digital de conservación (CD y DAT), 2000</subfield>
		</datafield>
		<datafield tag="546" ind1=" " ind2=" ">
			<subfield code="a">Cantado en español e italiano</subfield>
		</datafield>
		<datafield tag="594" ind1=" " ind2=" ">
			<subfield code="a">Libreto de &quot;El trust de los tenorios&quot; de C. Arniches y E. Gacía Álvarez</subfield>
		</datafield>
		<datafield tag="595" ind1=" " ind2=" ">
			<subfield code="a">Disponible la 2ª toma de la grabación, con pequeñas variaciones en la letra de la canción</subfield>
		</datafield>
		<datafield tag="596" ind1=" " ind2=" ">
			<subfield code="a">Fecha de publicación basada en catálogo</subfield>
		</datafield>
		<datafield tag="650" ind1=" " ind2="7">
			<subfield code="a">Zarzuelas</subfield>
			<subfield code="x">Fragmentos</subfield>
			<subfield code="2">embne</subfield>
		</datafield>
		<datafield tag="650" ind1=" " ind2="7">
			<subfield code="a">Óperas</subfield>
			<subfield code="x">Fragmentos</subfield>
			<subfield code="2">embne</subfield>
		</datafield>
		<datafield tag="650" ind1=" " ind2="7">
			<subfield code="a">Canciones (Tenor) con orquesta</subfield>
			<subfield code="2">embne</subfield>
		</datafield>
		<datafield tag="700" ind1="1" ind2="2">
			<subfield code="a">Bellini, Vincenzo</subfield>
			<subfield code="d">1801-1835</subfield>
			<subfield code="t">I puritani.</subfield>
			<subfield code="p">A te o cara</subfield>
		</datafield>
		<datafield tag="700" ind1="1" ind2=" ">
			<subfield code="a">Arniches, Carlos</subfield>
			<subfield code="d">1866-1943</subfield>
		</datafield>
		<datafield tag="700" ind1="1" ind2=" ">
			<subfield code="a">García Álvarez, Enrique</subfield>
			<subfield code="d">1873-1931</subfield>
		</datafield>
		<datafield tag="700" ind1="1" ind2=" ">
			<subfield code="a">Fleta, Miguel</subfield>
			<subfield code="d">1897-1938</subfield>
			<subfield code="e">int.</subfield>
		</datafield>
		<datafield tag="700" ind1="1" ind2=" ">
			<subfield code="a">Sabajno, Carlo</subfield>
			<subfield code="d">1874-1938</subfield>
			<subfield code="e">dir.</subfield>
		</datafield>
		<datafield tag="740" ind1="2" ind2="2">
			<subfield code="a">I puritani</subfield>
		</datafield>
		<datafield tag="775" ind1="1" ind2=" ">
			<subfield code="a">Serrano, José</subfield>
			<subfield code="t">Te quiero</subfield>
			<subfield code="d">1920</subfield>
			<subfield code="h">1 disco</subfield>
			<subfield code="w">a4422104</subfield>
		</datafield>
		<datafield tag="775" ind1="1" ind2=" ">
			<subfield code="a">Serrano, José</subfield>
			<subfield code="t">Te quiero</subfield>
			<subfield code="d">1922</subfield>
			<subfield code="h">1 disco</subfield>
			<subfield code="w">biso0000735342</subfield>
		</datafield>
		<datafield tag="775" ind1="1" ind2=" ">
			<subfield code="a">Serrano, José</subfield>
			<subfield code="t">El trust de los tenorios</subfield>
			<subfield code="d">1927</subfield>
			<subfield code="h">1 disco</subfield>
			<subfield code="w">biso0000735337</subfield>
		</datafield>
		<datafield tag="775" ind1="1" ind2=" ">
			<subfield code="a">Serrano, José</subfield>
			<subfield code="t">El trust de los tenorios</subfield>
			<subfield code="d">1927</subfield>
			<subfield code="h">1 disco</subfield>
			<subfield code="w">biso0000757403</subfield>
		</datafield>
		<datafield tag="856" ind1="4" ind2="1">
			<subfield code="u">http://bdh.bne.es/bnesearch/detalle/bdh0000015239</subfield>
			<subfield code="y">Biblioteca Digital Hispánica</subfield>
		</datafield>
		<datafield tag="956" ind1=" " ind2=" ">
			<subfield code="a">1</subfield>
		</datafield>
		<datafield tag="980" ind1=" " ind2=" ">
			<subfield code=".">541.   </subfield>
			<subfield code="c">Compra de la colección de cantantes líricos a</subfield>
			<subfield code="a">María Inés Pérez Vázquez</subfield>
			<subfield code="b">La Coruña</subfield>
			<subfield code="d">octubre de 2006</subfield>
			<subfield code=".">852. 40</subfield>
			<subfield code="a">M-BN</subfield>
			<subfield code="b">BNMADRID</subfield>
			<subfield code="c">SALA_BARBI</subfield>
			<subfield code="j">DS/13980/10</subfield>
			<subfield code="z">Timbres: &quot;Compañía del Gramófono&quot;, con el nombre de Serrano</subfield>
		</datafield>
		<datafield tag="980" ind1=" " ind2=" ">
			<subfield code=".">541.   </subfield>
			<subfield code="c">Compra de la colección de cantantes líricos a</subfield>
			<subfield code="a">María Inés Pérez Vázquez</subfield>
			<subfield code="b">La Coruña</subfield>
			<subfield code="d">octubre de 2006</subfield>
			<subfield code=".">852. 40</subfield>
			<subfield code="a">M-BN</subfield>
			<subfield code="b">BNMADRID</subfield>
			<subfield code="c">SALA_BARBI</subfield>
			<subfield code="j">DS/13980/9</subfield>
			<subfield code="z">Timbres: &quot;Compañía del Gramófono&quot;, con el nombre de Serrano</subfield>
			<subfield code="z">Etiqueta: &quot;Ureña&quot;</subfield>
		</datafield>
		<datafield tag="980" ind1=" " ind2=" ">
			<subfield code=".">852. 40</subfield>
			<subfield code="a">M-BN</subfield>
			<subfield code="b">MU</subfield>
			<subfield code="c">SALA_BARBI</subfield>
			<subfield code="q">Ejemplar muy deteriorado</subfield>
			<subfield code="j">Ds/11170/1</subfield>
			<subfield code="T">imbre: &quot;Compañía del Gramófono&quot;</subfield>
		</datafield>
		<datafield tag="980" ind1=" " ind2=" ">
			<subfield code=".">852. 40</subfield>
			<subfield code="a">M-BN</subfield>
			<subfield code="b">BNMADRID</subfield>
			<subfield code="9">DD00289928</subfield>
			<subfield code="j">Ds/9440/9</subfield>
			<subfield code="x">MU</subfield>
			<subfield code="c">SALA_BARBI</subfield>
		</datafield>
		<datafield tag="899" ind1=" " ind2=" ">
			<subfield code="j">DS/9440/9</subfield>
			<subfield code="x">dig78dig</subfield>
		</datafield>
	</record>