
	<record>
		<leader>01500ncm a2200313   4500</leader>
		<controlfield tag="001">bipa0000131321</controlfield>
		<controlfield tag="005">20140227        </controlfield>
		<controlfield tag="008">070208s1912    sp sga //      n    spa/ </controlfield>
		<datafield tag="015" ind1=" " ind2=" ">
			<subfield code="a">CCIM2</subfield>
		</datafield>
		<datafield tag="016" ind1="7" ind2=" ">
			<subfield code="a">bipaBNE20070033567</subfield>
			<subfield code="2">SpMaBN</subfield>
		</datafield>
		<datafield tag="028" ind1="3" ind2="1">
			<subfield code="a">42596</subfield>
		</datafield>
		<datafield tag="035" ind1=" " ind2=" ">
			<subfield code="a">(OCoLC)733261293</subfield>
		</datafield>
		<datafield tag="040" ind1=" " ind2=" ">
			<subfield code="a">SpMaBN</subfield>
			<subfield code="b">spa</subfield>
			<subfield code="c">SpMaBN</subfield>
			<subfield code="e">rdc</subfield>
		</datafield>
		<datafield tag="084" ind1=" " ind2=" ">
			<subfield code="a">3.1</subfield>
		</datafield>
		<datafield tag="100" ind1="1" ind2=" ">
			<subfield code="a">Valverde, Joaquín</subfield>
			<subfield code="d">1875-1918</subfield>
		</datafield>
		<datafield tag="240" ind1="1" ind2="3">
			<subfield code="a">La chumbera</subfield>
		</datafield>
		<datafield tag="245" ind1="1" ind2="3">
			<subfield code="a">La chumbera</subfield>
			<subfield code="h">[Música notada]</subfield>
			<subfield code="b"> : canción española</subfield>
			<subfield code="c">letra de García Álvarez ; música de J. Valverde (hijo)</subfield>
		</datafield>
		<datafield tag="260" ind1="0" ind2=" ">
			<subfield code="a">Madrid [etc.] (Carrera de San Jerónimo, 34)</subfield>
			<subfield code="b">Sociedad Anónima Casa Dotésio</subfield>
		</datafield>
		<datafield tag="300" ind1=" " ind2=" ">
			<subfield code="a">1 partitura (4 p.)</subfield>
			<subfield code="c">34 cm.</subfield>
		</datafield>
		<datafield tag="500" ind1=" " ind2=" ">
			<subfield code="a">Portada ilustrada con fotografía</subfield>
		</datafield>
		<datafield tag="500" ind1=" " ind2=" ">
			<subfield code="a">&quot;Creación de la gentil artista La Preciosilla en el Trianon-Palace de Madrid&quot;</subfield>
		</datafield>
		<datafield tag="500" ind1=" " ind2=" ">
			<subfield code="a">Nº 12430 de La música en el Boletín de la Propiedad Intelectual, Biblioteca Nacional, 1997</subfield>
		</datafield>
		<datafield tag="500" ind1=" " ind2=" ">
			<subfield code="a">En la última página muestra incompletas de canciones españolas</subfield>
		</datafield>
		<datafield tag="650" ind1=" " ind2="7">
			<subfield code="a">Canciones con piano</subfield>
			<subfield code="2">embne</subfield>
		</datafield>
		<datafield tag="700" ind1="1" ind2=" ">
			<subfield code="a">García Álvarez, Enrique</subfield>
			<subfield code="d">1873-1931</subfield>
		</datafield>
		<datafield tag="856" ind1="4" ind2="1">
			<subfield code="u">http://bdh-rd.bne.es/viewer.vm?id=0000076510&amp;page=1</subfield>
			<subfield code="y">Biblioteca Digital Hispánica</subfield>
		</datafield>
		<datafield tag="899" ind1=" " ind2=" ">
			<subfield code="j">MP/265/12</subfield>
			<subfield code="x">dig78dig</subfield>
		</datafield>
		<datafield tag="956" ind1=" " ind2=" ">
			<subfield code="a">1</subfield>
		</datafield>
		<datafield tag="980" ind1=" " ind2=" ">
			<subfield code=".">561.   </subfield>
			<subfield code="a">Proc. Registro Propiedad Intelectual</subfield>
			<subfield code=".">852. 40</subfield>
			<subfield code="a">M-BN</subfield>
			<subfield code="b">BNMADRID</subfield>
			<subfield code="9">PA00148137</subfield>
			<subfield code="j">Mp/265/12</subfield>
			<subfield code="z">Firma ms. de J. Conde </subfield>
			<subfield code="u">Números de ingreso en el Reg. de la Prop. Intel.</subfield>
			<subfield code="u">Sello de Propiedad Intelectual</subfield>
			<subfield code="u">Sello gofrado del editor</subfield>
			<subfield code="x">MU</subfield>
			<subfield code="c">SALA_BARBI</subfield>
		</datafield>
	</record>