
	<record>
		<leader>01612ncm a2200337   4500</leader>
		<controlfield tag="001">bipa0000181386</controlfield>
		<controlfield tag="005">20140227        </controlfield>
		<controlfield tag="007">qu</controlfield>
		<controlfield tag="008">040915q1908    sp tld         nn   spa  </controlfield>
		<datafield tag="015" ind1=" " ind2=" ">
			<subfield code="a">CCIM</subfield>
			<subfield code="a">TLp</subfield>
			<subfield code="a">ALIER</subfield>
		</datafield>
		<datafield tag="016" ind1="7" ind2=" ">
			<subfield code="a">bipaBNE20040046112</subfield>
			<subfield code="2">SpMaBN</subfield>
		</datafield>
		<datafield tag="028" ind1="3" ind2="1">
			<subfield code="a">I.A. 1552-59</subfield>
		</datafield>
		<datafield tag="035" ind1=" " ind2=" ">
			<subfield code="a">(OCoLC)435936091</subfield>
		</datafield>
		<datafield tag="040" ind1=" " ind2=" ">
			<subfield code="a">SpMaBN</subfield>
			<subfield code="b">spa</subfield>
			<subfield code="c">SpMaBN</subfield>
			<subfield code="e">rdc</subfield>
		</datafield>
		<datafield tag="084" ind1=" " ind2=" ">
			<subfield code="a">5</subfield>
			<subfield code="2">MU</subfield>
		</datafield>
		<datafield tag="100" ind1="1" ind2=" ">
			<subfield code="a">Lleó, Vicente</subfield>
			<subfield code="d">1870-1922</subfield>
		</datafield>
		<datafield tag="240" ind1="1" ind2="0">
			<subfield code="a">El método Górritz.</subfield>
			<subfield code="p">De fijo le habrán dicho</subfield>
			<subfield code="s">Partitura vocal</subfield>
		</datafield>
		<datafield tag="245" ind1="1" ind2="3">
			<subfield code="a">El método Górritz</subfield>
			<subfield code="n">N. 1</subfield>
			<subfield code="p">Schotis de la lección de baile</subfield>
			<subfield code="h">[Música notada]</subfield>
			<subfield code="b"> : zarzuela en un acto [y 3 cuadros]</subfield>
			<subfield code="c">letra de los Sres. Arniches y Gª. Álvarez ; música del Mtro. Vicente Lleó</subfield>
		</datafield>
		<datafield tag="260" ind1="0" ind2=" ">
			<subfield code="a">Madrid (Plaza de Oriente, 2)</subfield>
			<subfield code="b">Ildefonso Alier, editor de música</subfield>
			<subfield code="c">[ca. 1908]</subfield>
		</datafield>
		<datafield tag="300" ind1=" " ind2=" ">
			<subfield code="a">1 partitura vocal (6 p.)</subfield>
			<subfield code="c">33 cm</subfield>
		</datafield>
		<datafield tag="500" ind1=" " ind2=" ">
			<subfield code="a">Cubierta ilustrada en color: &quot;Lit. A. User&quot;</subfield>
		</datafield>
		<datafield tag="500" ind1=" " ind2=" ">
			<subfield code="a">En cub., relación de las partes que componen la obra y su precio</subfield>
		</datafield>
		<datafield tag="594" ind1=" " ind2=" ">
			<subfield code="a">Datos del área de título tomados de la cabecera</subfield>
		</datafield>
		<datafield tag="596" ind1=" " ind2=" ">
			<subfield code="a">Fecha de publicación basada en La edición musical española hasta 1936, 1995</subfield>
		</datafield>
		<datafield tag="650" ind1=" " ind2="7">
			<subfield code="a">Zarzuelas</subfield>
			<subfield code="x">Fragmentos</subfield>
			<subfield code="v">Partituras vocales</subfield>
			<subfield code="2">embne</subfield>
		</datafield>
		<datafield tag="700" ind1="1" ind2=" ">
			<subfield code="a">Arniches, Carlos</subfield>
			<subfield code="d">1866-1943</subfield>
		</datafield>
		<datafield tag="700" ind1="1" ind2=" ">
			<subfield code="a">García Álvarez, Enrique</subfield>
			<subfield code="d">1873-1931</subfield>
		</datafield>
		<datafield tag="856" ind1="4" ind2="1">
			<subfield code="u">http://bdh-rd.bne.es/viewer.vm?id=0000108818&amp;page=1</subfield>
			<subfield code="y">Biblioteca Digital Hispánica</subfield>
		</datafield>
		<datafield tag="899" ind1=" " ind2=" ">
			<subfield code="j">MP/3156/7</subfield>
			<subfield code="x">dig78dig</subfield>
		</datafield>
		<datafield tag="956" ind1=" " ind2=" ">
			<subfield code="a">1</subfield>
		</datafield>
		<datafield tag="980" ind1=" " ind2=" ">
			<subfield code=".">541.   </subfield>
			<subfield code="c">Adquirido a</subfield>
			<subfield code="a">Archivos Hispánicos (María Belén García)</subfield>
			<subfield code="b">(Madrid) </subfield>
			<subfield code="d">30 de abril del 2002</subfield>
			<subfield code=".">852. 40</subfield>
			<subfield code="a">M-BN</subfield>
			<subfield code="b">MU</subfield>
			<subfield code="c">SALA_BARBI</subfield>
			<subfield code="9">PA00098323</subfield>
			<subfield code="j">Mp/3156/7</subfield>
		</datafield>
	</record>