
	<record>
		<leader>02024ncm a2200349   4500</leader>
		<controlfield tag="001">bipa0000115271</controlfield>
		<controlfield tag="005">20140227        </controlfield>
		<controlfield tag="008">060404s1907    sp tlc //      n    spa/ </controlfield>
		<datafield tag="015" ind1=" " ind2=" ">
			<subfield code="a">CCIM1</subfield>
			<subfield code="a">TLp</subfield>
		</datafield>
		<datafield tag="016" ind1="7" ind2=" ">
			<subfield code="a">bipaBNE20060048158</subfield>
			<subfield code="z">IND9200409968</subfield>
			<subfield code="2">SpMaBN</subfield>
		</datafield>
		<datafield tag="028" ind1="3" ind2="1">
			<subfield code="a">41462 a 41466</subfield>
		</datafield>
		<datafield tag="028" ind1="3" ind2="0">
			<subfield code="a">41463, 41464, 41465</subfield>
		</datafield>
		<datafield tag="035" ind1=" " ind2=" ">
			<subfield code="a">(OCoLC)740355183</subfield>
		</datafield>
		<datafield tag="040" ind1=" " ind2=" ">
			<subfield code="a">SpMaBN</subfield>
			<subfield code="b">spa</subfield>
			<subfield code="c">SpMaBN</subfield>
			<subfield code="e">rdc</subfield>
		</datafield>
		<datafield tag="084" ind1=" " ind2=" ">
			<subfield code="a">5</subfield>
		</datafield>
		<datafield tag="100" ind1="1" ind2=" ">
			<subfield code="a">Hermoso, Mariano</subfield>
		</datafield>
		<datafield tag="240" ind1="1" ind2="3">
			<subfield code="a">La edad de hierro</subfield>
			<subfield code="s">. Partitura vocal</subfield>
		</datafield>
		<datafield tag="245" ind1="1" ind2="3">
			<subfield code="a">La edad de hierro</subfield>
			<subfield code="h">[Música notada]</subfield>
			<subfield code="b"> : pasatiempo cómico-lírico en un acto</subfield>
			<subfield code="c">letra de los Sres. Arniches, García Álvarez y Asensio Más ; música de los Mtros. Hermoso y García Álvarez</subfield>
		</datafield>
		<datafield tag="260" ind1="0" ind2=" ">
			<subfield code="a">Madrid (Carrera de Sn. Jerónimo, 34 y Preciados, 5)</subfield>
			<subfield code="b">Sociedad Anónima Casa Dotesio</subfield>
			<subfield code="c">cop. 1907</subfield>
		</datafield>
		<datafield tag="300" ind1=" " ind2=" ">
			<subfield code="a">1 partitura vocal (28 p.)</subfield>
			<subfield code="c">33 cm</subfield>
		</datafield>
		<datafield tag="500" ind1=" " ind2=" ">
			<subfield code="a">En la portada: &quot;Ediciones Casa Dotesio&quot;</subfield>
		</datafield>
		<datafield tag="500" ind1=" " ind2=" ">
			<subfield code="a">Portada ilustrada en color</subfield>
		</datafield>
		<datafield tag="505" ind1="0" ind2=" ">
			<subfield code="a">Preludio.- 5 p.- N. pl.: 41462 ; N. 2, Jota, &quot;A la jota jota que el alma alborota&quot;.- 8 p.- N. pl.: 41463 ; N. 3, Intermedio.- 4 p.- N. pl.: 41464 ; N. 4, Bailable guerrero.- 5 p.- N. pl.: 41465 ; N. 5, Schottish modernista, &quot;Al bailar hay que poner la cara lánguida&quot;.- 6 p.- N. pl.: 41466</subfield>
		</datafield>
		<datafield tag="597" ind1=" " ind2=" ">
			<subfield code="a">Con doble secuencia de paginación</subfield>
		</datafield>
		<datafield tag="650" ind1=" " ind2="7">
			<subfield code="a">Sainetes líricos</subfield>
			<subfield code="v">Partituras vocales</subfield>
			<subfield code="2">embne</subfield>
		</datafield>
		<datafield tag="700" ind1="1" ind2=" ">
			<subfield code="a">García Álvarez, Enrique</subfield>
			<subfield code="d">1873-1931</subfield>
		</datafield>
		<datafield tag="700" ind1="1" ind2=" ">
			<subfield code="a">Arniches, Carlos</subfield>
			<subfield code="d">1866-1943</subfield>
		</datafield>
		<datafield tag="700" ind1="1" ind2=" ">
			<subfield code="a">Asensio Más, Ramón</subfield>
			<subfield code="d">1878-1917</subfield>
		</datafield>
		<datafield tag="856" ind1="4" ind2="1">
			<subfield code="u">http://bdh-rd.bne.es/viewer.vm?id=0000086393&amp;page=1</subfield>
			<subfield code="y">Biblioteca Digital Hispánica</subfield>
		</datafield>
		<datafield tag="899" ind1=" " ind2=" ">
			<subfield code="j">M/2874</subfield>
			<subfield code="x">dig78dig</subfield>
		</datafield>
		<datafield tag="956" ind1=" " ind2=" ">
			<subfield code="a">1</subfield>
		</datafield>
		<datafield tag="980" ind1=" " ind2=" ">
			<subfield code=".">561.   </subfield>
			<subfield code="a">Proc. Registro Propiedad Intelectual</subfield>
			<subfield code=".">563.   </subfield>
			<subfield code="a">Enc. holandesa: papel; hierros y filetes dorados en el lomo</subfield>
			<subfield code=".">852. 40</subfield>
			<subfield code="a">M-BN</subfield>
			<subfield code="b">BNMADRID</subfield>
			<subfield code="9">MO00020178</subfield>
			<subfield code="j">M/2874</subfield>
			<subfield code="z">Firma ms. de J. Conde</subfield>
			<subfield code="z">Firma ms. </subfield>
			<subfield code="x">H170113 de M. Hermoso</subfield>
			<subfield code="u">Números de ingreso en el Reg. de la Prop. Intel. </subfield>
			<subfield code="u">Sello en una h. de guarda: &quot;Alcaide, encuadernador. Valverde, 1, Dupdo. Madrid&quot;</subfield>
			<subfield code="c">SALA_BARBI</subfield>
		</datafield>
	</record>