
	<record>
		<leader>01170ncm a22002771  4500</leader>
		<controlfield tag="001">bipa0000067390</controlfield>
		<controlfield tag="005">20140227        </controlfield>
		<controlfield tag="008">011112s1906    sp mca         nn   spa  </controlfield>
		<datafield tag="015" ind1=" " ind2=" ">
			<subfield code="a">PREXIX</subfield>
		</datafield>
		<datafield tag="016" ind1="7" ind2=" ">
			<subfield code="a">bipaBNE20030081559</subfield>
			<subfield code="z">PARBI01005074</subfield>
			<subfield code="2">SpMaBN</subfield>
		</datafield>
		<datafield tag="028" ind1="3" ind2="1">
			<subfield code="a">804-10 a 809-10</subfield>
			<subfield code="b">Vidal Llimona y Boceta</subfield>
		</datafield>
		<datafield tag="035" ind1=" " ind2=" ">
			<subfield code="a">(OCoLC)435772320</subfield>
		</datafield>
		<datafield tag="040" ind1=" " ind2=" ">
			<subfield code="a">SpMaBN</subfield>
			<subfield code="b">spa</subfield>
			<subfield code="c">ASC</subfield>
		</datafield>
		<datafield tag="100" ind1="1" ind2="0">
			<subfield code="a">Valverde, Joaquín</subfield>
			<subfield code="d">1875-1918</subfield>
		</datafield>
		<datafield tag="240" ind1="1" ind2="3">
			<subfield code="a">El pollo Tejada</subfield>
			<subfield code="s">Partitura vocal</subfield>
		</datafield>
		<datafield tag="245" ind1="1" ind2="3">
			<subfield code="a">El pollo Tejada</subfield>
			<subfield code="h">[Música notada]</subfield>
			<subfield code="b"> : aventura cómico lírica en un acto y cuatro cuadros</subfield>
			<subfield code="c">letra de los Sres. Arniches y García Alvarez ; música de los Mtros. Valverde (hijo) y Serrano</subfield>
		</datafield>
		<datafield tag="260" ind1=" " ind2=" ">
			<subfield code="a">Barcelona</subfield>
			<subfield code="b">Vidal Llimona y Boceta</subfield>
			<subfield code="c">[1906?]</subfield>
		</datafield>
		<datafield tag="300" ind1=" " ind2=" ">
			<subfield code="a">1 partituira vocal (40 p.)</subfield>
			<subfield code="c">36 cm</subfield>
		</datafield>
		<datafield tag="650" ind1=" " ind2="7">
			<subfield code="a">Musicales</subfield>
			<subfield code="v">Partituras vocales</subfield>
			<subfield code="2">embne</subfield>
		</datafield>
		<datafield tag="700" ind1="1" ind2=" ">
			<subfield code="a">Arniches, Carlos</subfield>
			<subfield code="d">1866-1943</subfield>
		</datafield>
		<datafield tag="700" ind1="1" ind2=" ">
			<subfield code="a">García Álvarez, Enrique</subfield>
			<subfield code="d">1873-1931</subfield>
		</datafield>
		<datafield tag="700" ind1="1" ind2=" ">
			<subfield code="a">Serrano, José</subfield>
			<subfield code="d">1873-1941</subfield>
		</datafield>
		<datafield tag="856" ind1="4" ind2="1">
			<subfield code="u">http://bdh-rd.bne.es/viewer.vm?id=0000118380&amp;page=1</subfield>
			<subfield code="y">Biblioteca Digital Hispánica</subfield>
		</datafield>
		<datafield tag="899" ind1=" " ind2=" ">
			<subfield code="j">MP/1266/4</subfield>
			<subfield code="x">dig78dig</subfield>
		</datafield>
		<datafield tag="956" ind1=" " ind2=" ">
			<subfield code="a">1</subfield>
		</datafield>
		<datafield tag="980" ind1=" " ind2=" ">
			<subfield code=".">852. 40</subfield>
			<subfield code="a">M-BN</subfield>
			<subfield code="b">BNMADRID</subfield>
			<subfield code="9">PA00791195</subfield>
			<subfield code="j">Mp/1266/4</subfield>
			<subfield code="x">MU</subfield>
			<subfield code="c">SALA_BARBI</subfield>
		</datafield>
	</record>