
	<record>
		<leader>01601ncm a22003371  4500</leader>
		<controlfield tag="001">bipa0000019714</controlfield>
		<controlfield tag="005">20140227        </controlfield>
		<controlfield tag="007">qu</controlfield>
		<controlfield tag="008">001112s1906    sp sga         nn   spa  </controlfield>
		<datafield tag="015" ind1=" " ind2=" ">
			<subfield code="a">CCIM2</subfield>
		</datafield>
		<datafield tag="016" ind1="7" ind2=" ">
			<subfield code="a">bipaBNE20010296681</subfield>
			<subfield code="z">PARBI00004677</subfield>
			<subfield code="2">SpMaBN</subfield>
		</datafield>
		<datafield tag="028" ind1="3" ind2="0">
			<subfield code="a">S.A.E. 530</subfield>
			<subfield code="b">Sociedad de Autores Españoles</subfield>
		</datafield>
		<datafield tag="035" ind1=" " ind2=" ">
			<subfield code="a">(OCoLC)435696057</subfield>
		</datafield>
		<datafield tag="040" ind1=" " ind2=" ">
			<subfield code="a">SpMaBN</subfield>
			<subfield code="b">spa</subfield>
			<subfield code="c">CDM</subfield>
			<subfield code="d">SpMaBN</subfield>
		</datafield>
		<datafield tag="084" ind1=" " ind2=" ">
			<subfield code="a">3.1</subfield>
			<subfield code="2">NMU</subfield>
		</datafield>
		<datafield tag="100" ind1="1" ind2=" ">
			<subfield code="a">García Álvarez, Enrique</subfield>
			<subfield code="d">1873-1931</subfield>
		</datafield>
		<datafield tag="245" ind1="1" ind2="3">
			<subfield code="a">El cocotero</subfield>
			<subfield code="h">[Música notada]</subfield>
			<subfield code="b">: tango</subfield>
			<subfield code="c">E. García Alvarez</subfield>
		</datafield>
		<datafield tag="260" ind1=" " ind2=" ">
			<subfield code="a">Madrid (Arenal, 20)</subfield>
			<subfield code="b">Sociedad de Autores Españoles</subfield>
			<subfield code="c">[1906]</subfield>
		</datafield>
		<datafield tag="300" ind1=" " ind2=" ">
			<subfield code="a">1 partitura (4 p.)</subfield>
			<subfield code="c">36 cm</subfield>
		</datafield>
		<datafield tag="490" ind1="1" ind2=" ">
			<subfield code="a">Canciones españolas : cantadas por la genial artista Amalia Molina</subfield>
		</datafield>
		<datafield tag="500" ind1=" " ind2=" ">
			<subfield code="a">Portada ilustrada</subfield>
		</datafield>
		<datafield tag="510" ind1="4" ind2=" ">
			<subfield code="a">La música en el Boletín de la Propiedad Intelectual, Biblioteca Nacional, 1997</subfield>
			<subfield code="c">n. 10768</subfield>
		</datafield>
		<datafield tag="510" ind1="4" ind2=" ">
			<subfield code="a">Archivo histórico de la Unión Musical Española, SGAE, 2000</subfield>
			<subfield code="c">n. 7226</subfield>
		</datafield>
		<datafield tag="594" ind1=" " ind2=" ">
			<subfield code="a">Información del área de título tomada de la cabecera</subfield>
		</datafield>
		<datafield tag="596" ind1=" " ind2=" ">
			<subfield code="a">Fecha de publicación tomada de La música en el Boletín de la Propiedad Intelectual, Biblioteca Nacional, 1997</subfield>
		</datafield>
		<datafield tag="650" ind1=" " ind2="7">
			<subfield code="a">Tangos (Voz con piano)</subfield>
			<subfield code="2">embne</subfield>
		</datafield>
		<datafield tag="830" ind1=" " ind2="0">
			<subfield code="a">Canciones españolas (S.A.E.)</subfield>
		</datafield>
		<datafield tag="856" ind1="4" ind2="1">
			<subfield code="u">http://bdh-rd.bne.es/viewer.vm?id=0000109479&amp;page=1</subfield>
			<subfield code="y">Biblioteca Digital Hispánica</subfield>
		</datafield>
		<datafield tag="899" ind1=" " ind2=" ">
			<subfield code="j">MP/317/1</subfield>
			<subfield code="x">dig78dig</subfield>
		</datafield>
		<datafield tag="956" ind1=" " ind2=" ">
			<subfield code="a">1</subfield>
		</datafield>
		<datafield tag="980" ind1=" " ind2=" ">
			<subfield code=".">561.   </subfield>
			<subfield code="a">Registro de la Propiedad Intelectual</subfield>
			<subfield code=".">852. 40</subfield>
			<subfield code="a">M-BN</subfield>
			<subfield code="b">MU</subfield>
			<subfield code="c">SALA_BARBI</subfield>
			<subfield code="9">PA00882895</subfield>
			<subfield code="j">Mp/317/1</subfield>
			<subfield code="z">Números de ingreso en el Registro de la Propiedad Intelectual</subfield>
			<subfield code="z">Firma ms. de Heliodoro Asenjo</subfield>
		</datafield>
	</record>