
	<record>
		<leader>01464ncm a2200313   4500</leader>
		<controlfield tag="001">a4696179</controlfield>
		<controlfield tag="005">20140226        </controlfield>
		<controlfield tag="007">qu</controlfield>
		<controlfield tag="008">040304s1905    sp tld         nn   spa  </controlfield>
		<datafield tag="015" ind1=" " ind2=" ">
			<subfield code="a">CCIM</subfield>
			<subfield code="a">TLp</subfield>
		</datafield>
		<datafield tag="028" ind1="2" ind2="0">
			<subfield code="a">V.Ll. y B. 288-293</subfield>
			<subfield code="b">Vidal Llimona y Boceta</subfield>
		</datafield>
		<datafield tag="035" ind1=" " ind2=" ">
			<subfield code="a">(OCoLC)740305929</subfield>
		</datafield>
		<datafield tag="040" ind1=" " ind2=" ">
			<subfield code="a">SpMaBN</subfield>
			<subfield code="b">spa</subfield>
			<subfield code="c">SpMaBN</subfield>
			<subfield code="e">rdc</subfield>
		</datafield>
		<datafield tag="084" ind1=" " ind2=" ">
			<subfield code="a">5</subfield>
			<subfield code="2">MU</subfield>
		</datafield>
		<datafield tag="100" ind1="1" ind2=" ">
			<subfield code="a">Valverde, Joaquín</subfield>
			<subfield code="d">1875-1918</subfield>
		</datafield>
		<datafield tag="240" ind1="1" ind2="0">
			<subfield code="a">El perro chico.</subfield>
			<subfield code="p">Mutación</subfield>
			<subfield code="s">Partitura vocal</subfield>
		</datafield>
		<datafield tag="245" ind1="1" ind2="3">
			<subfield code="a">El perro chico.</subfield>
			<subfield code="n">N 4bis,</subfield>
			<subfield code="p">Mutación</subfield>
			<subfield code="h">[Música notada] :</subfield>
			<subfield code="b">viaje cómico-lírico en un acto, dividido en siete cuadros</subfield>
			<subfield code="c">original de Carlos Arniches y García Álvarez ; música de los mtros. Valverde (hijo) y José Serrano</subfield>
		</datafield>
		<datafield tag="250" ind1=" " ind2=" ">
			<subfield code="a">5ª ed.</subfield>
		</datafield>
		<datafield tag="260" ind1=" " ind2=" ">
			<subfield code="a">Barcelona [etc.]</subfield>
			<subfield code="b">Vidal Llimona y Boceta</subfield>
			<subfield code="c">cop. 1905</subfield>
		</datafield>
		<datafield tag="300" ind1=" " ind2=" ">
			<subfield code="a">1 partitura vocal (2 p.)</subfield>
			<subfield code="c">34 cm</subfield>
		</datafield>
		<datafield tag="500" ind1=" " ind2=" ">
			<subfield code="a">Cubierta ilustrada en color firmada por Brunet</subfield>
		</datafield>
		<datafield tag="650" ind1=" " ind2="7">
			<subfield code="a">Sainetes líricos</subfield>
			<subfield code="x">Fragmentos</subfield>
			<subfield code="v">Partituras vocales</subfield>
			<subfield code="2">embne</subfield>
		</datafield>
		<datafield tag="700" ind1="1" ind2=" ">
			<subfield code="a">Serrano, José</subfield>
			<subfield code="d">1873-1941</subfield>
		</datafield>
		<datafield tag="700" ind1="1" ind2=" ">
			<subfield code="a">Arniches, Carlos</subfield>
			<subfield code="d">1866-1943</subfield>
		</datafield>
		<datafield tag="700" ind1="1" ind2=" ">
			<subfield code="a">García Álvarez, Enrique</subfield>
			<subfield code="d">1873-1931</subfield>
		</datafield>
		<datafield tag="856" ind1="4" ind2="1">
			<subfield code="u">http://bdh-rd.bne.es/viewer.vm?id=0000083742&amp;page=1</subfield>
			<subfield code="y">Biblioteca Digital Hispánica</subfield>
		</datafield>
		<datafield tag="899" ind1=" " ind2=" ">
			<subfield code="j">MP/5359/20</subfield>
			<subfield code="x">dig78dig</subfield>
		</datafield>
		<datafield tag="956" ind1=" " ind2=" ">
			<subfield code="a">1</subfield>
		</datafield>
		<datafield tag="980" ind1=" " ind2=" ">
			<subfield code=".">541.   </subfield>
			<subfield code="c">donado por</subfield>
			<subfield code="a">Eresbil</subfield>
			<subfield code="b">Rentería (Guipúzcoa),</subfield>
			<subfield code="d">febrero, 2010</subfield>
			<subfield code=".">852. 40</subfield>
			<subfield code="a">M-BN</subfield>
			<subfield code="b">MU</subfield>
			<subfield code="c">SALA_BARBI</subfield>
			<subfield code="9">PA00029988</subfield>
			<subfield code="j">MP/5359/20</subfield>
			<subfield code="z">Sello: &quot;A. Díaz y Cª. Música y pianos, Avenida de la Libertad, 24, San Sebastián&quot;</subfield>
		</datafield>
	</record>