
	<record>
		<leader>01228ncm a2200277   4500</leader>
		<controlfield tag="001">bipa0000176489</controlfield>
		<controlfield tag="005">20140227        </controlfield>
		<controlfield tag="008">040126q1905    sp tld         nn   spa  </controlfield>
		<datafield tag="015" ind1=" " ind2=" ">
			<subfield code="a">CCIM</subfield>
			<subfield code="a">PAR5</subfield>
		</datafield>
		<datafield tag="016" ind1="7" ind2=" ">
			<subfield code="a">bipaBNE20040004497</subfield>
			<subfield code="2">SpMaBN</subfield>
		</datafield>
		<datafield tag="035" ind1=" " ind2=" ">
			<subfield code="a">(OCoLC)435931178</subfield>
		</datafield>
		<datafield tag="040" ind1=" " ind2=" ">
			<subfield code="a">SpMaBN</subfield>
			<subfield code="b">spa</subfield>
			<subfield code="c">SpMaBN</subfield>
			<subfield code="e">rdc</subfield>
		</datafield>
		<datafield tag="084" ind1=" " ind2=" ">
			<subfield code="a">5</subfield>
			<subfield code="2">MU</subfield>
		</datafield>
		<datafield tag="100" ind1="1" ind2="0">
			<subfield code="a">Chueca, Federico</subfield>
			<subfield code="d">1846-1908</subfield>
		</datafield>
		<datafield tag="240" ind1="1" ind2="0">
			<subfield code="a">La alegría de la huerta.</subfield>
			<subfield code="p">¿Por qué estás triste paloma mía?</subfield>
			<subfield code="s">Partitura vocal</subfield>
		</datafield>
		<datafield tag="245" ind1="1" ind2="3">
			<subfield code="a">La alegría de la huerta</subfield>
			<subfield code="n">N. 5</subfield>
			<subfield code="p">Jota</subfield>
			<subfield code="h">[Música notada]</subfield>
			<subfield code="b"> : zarzuela en un acto y tres cuadros</subfield>
			<subfield code="c">original de los Sres. E.C. [i.e. E.G.] Álvarez y A. Paso ; música del Mtro. Federico Chueca ; reduccion por M. Brull</subfield>
		</datafield>
		<datafield tag="260" ind1="0" ind2=" ">
			<subfield code="a">[S.l.</subfield>
			<subfield code="b">s.n.</subfield>
			<subfield code="c">ca. 1905]</subfield>
		</datafield>
		<datafield tag="300" ind1=" " ind2=" ">
			<subfield code="a">1 partitura vocal (11 p.)</subfield>
			<subfield code="c">33 cm</subfield>
		</datafield>
		<datafield tag="650" ind1=" " ind2="7">
			<subfield code="a">Zarzuelas</subfield>
			<subfield code="x">Fragmentos</subfield>
			<subfield code="v">Partituras vocales</subfield>
			<subfield code="2">embne</subfield>
		</datafield>
		<datafield tag="700" ind1="1" ind2="1">
			<subfield code="a">García Álvarez, Enrique</subfield>
			<subfield code="d">1873-1931</subfield>
		</datafield>
		<datafield tag="700" ind1="1" ind2="1">
			<subfield code="a">Paso, Antonio</subfield>
			<subfield code="d">1870-1958</subfield>
		</datafield>
		<datafield tag="700" ind1="1" ind2="1">
			<subfield code="a">Brull, Melecio</subfield>
			<subfield code="d">1858-1923</subfield>
		</datafield>
		<datafield tag="856" ind1="4" ind2="1">
			<subfield code="u">http://bdh-rd.bne.es/viewer.vm?id=0000087491&amp;page=1</subfield>
			<subfield code="y">Biblioteca Digital Hispánica</subfield>
		</datafield>
		<datafield tag="899" ind1=" " ind2=" ">
			<subfield code="j">MP/3127/28</subfield>
			<subfield code="x">dig78dig</subfield>
		</datafield>
		<datafield tag="956" ind1=" " ind2=" ">
			<subfield code="a">1</subfield>
		</datafield>
		<datafield tag="980" ind1=" " ind2=" ">
			<subfield code=".">852. 40</subfield>
			<subfield code="a">M-BN</subfield>
			<subfield code="b">BNMADRID</subfield>
			<subfield code="9">PA00091930</subfield>
			<subfield code="j">Mp/3127/28</subfield>
			<subfield code="z">Anotación ms.: &quot;G. Villamil&quot; </subfield>
			<subfield code="x">MU</subfield>
			<subfield code="c">SALA_BARBI</subfield>
		</datafield>
	</record>