
	<record>
		<leader>02417ncm a2200349   4500</leader>
		<controlfield tag="001">bipa0000094483</controlfield>
		<controlfield tag="005">20140227        </controlfield>
		<controlfield tag="008">040304s1905    sp tlc //      n    spa/ </controlfield>
		<datafield tag="015" ind1=" " ind2=" ">
			<subfield code="a">CCIM</subfield>
			<subfield code="a">TLp</subfield>
		</datafield>
		<datafield tag="016" ind1="7" ind2=" ">
			<subfield code="a">bipaBNE20040017626</subfield>
			<subfield code="2">SpMaBN</subfield>
		</datafield>
		<datafield tag="028" ind1="2" ind2="1">
			<subfield code="a">V.Ll. y B. 284-293 a V.Ll. y B. 292-293</subfield>
		</datafield>
		<datafield tag="028" ind1="2" ind2="0">
			<subfield code="a">V.Ll. y B. 285-293, V.Ll. y B. 286-293, V.Ll. y B. 287-293, V.Ll. y B. 288-293, V.Ll. y B. 289-293, V.Ll. y B. 290-293, V.Ll. y B. 291-293</subfield>
		</datafield>
		<datafield tag="035" ind1=" " ind2=" ">
			<subfield code="a">(OCoLC)435827879</subfield>
		</datafield>
		<datafield tag="040" ind1=" " ind2=" ">
			<subfield code="a">SpMaBN</subfield>
			<subfield code="b">spa</subfield>
			<subfield code="c">SpMaBN</subfield>
			<subfield code="e">rdc</subfield>
		</datafield>
		<datafield tag="084" ind1=" " ind2=" ">
			<subfield code="a">5</subfield>
		</datafield>
		<datafield tag="100" ind1="1" ind2=" ">
			<subfield code="a">Valverde, Joaquín</subfield>
			<subfield code="d">1875-1918</subfield>
		</datafield>
		<datafield tag="240" ind1="1" ind2="0">
			<subfield code="a">El perro chico</subfield>
			<subfield code="s">Partitura vocal</subfield>
		</datafield>
		<datafield tag="245" ind1="1" ind2="3">
			<subfield code="a">El perro chico</subfield>
			<subfield code="h">[Música notada]</subfield>
			<subfield code="b"> : viaje cómico-lírico en un acto, divido en siete cuadros</subfield>
			<subfield code="c">original de Carlos Arniches y García Álvarez ; música de los Mtros. Valverde (hijo) y José Serrano</subfield>
		</datafield>
		<datafield tag="250" ind1=" " ind2=" ">
			<subfield code="a">2ª ed.</subfield>
		</datafield>
		<datafield tag="260" ind1="0" ind2=" ">
			<subfield code="a">Barcelona [etc.]</subfield>
			<subfield code="b">Vidal Llimona y Boceta</subfield>
			<subfield code="c">cop. 1905</subfield>
		</datafield>
		<datafield tag="300" ind1=" " ind2=" ">
			<subfield code="a">1 partitura vocal (37 p.)</subfield>
			<subfield code="c">34 cm</subfield>
		</datafield>
		<datafield tag="500" ind1=" " ind2=" ">
			<subfield code="a">Cubierta ilustrada en color firmada por Brunet</subfield>
		</datafield>
		<datafield tag="505" ind1="1" ind2=" ">
			<subfield code="a">N. 1, Introducción y pantomima.- N. pl.: V.Ll. y B. 284-293 ; N. 2 , Terceto del pay-pay, &quot;Las muchachas que están en Manila&quot;.- N. pl.: V.Ll. y B. 285-293 ; N. 3, Couplet del_gigante portugués, &quot;La hermosa Soledad&quot;.- N. pl.: V.Ll. y B. 286-293 ; N. 4, Escena de los ingleses y tango gitano, &quot;Oh! resúltanos ser Vega de Granada&quot;.- N. pl.: V.Ll. y B. 287-293 ; N.4bis, Mutación.- N. pl.: V.Ll. y B. 288-293 ; N. 5, El zoco africano, &quot;Quien quiere las babuchas&quot;.- N. pl.: V.Ll. y B. 289-293 ; N. 6, Couplets de Pérez, &quot;Acercaos bereberes&quot;.- N. pl.: V.Ll. y B. 290-293 ; N. 7, Escena oriental, &quot;Joya del harem&quot;.- N. pl.: V.Ll. y B. 291-293 ; N. 7bis Mutis y final.- N. pl.: V.Ll. y B. 292-293</subfield>
		</datafield>
		<datafield tag="594" ind1=" " ind2=" ">
			<subfield code="a">Con anotaciones escénicas en el N. 1, Introducción y pantomima</subfield>
		</datafield>
		<datafield tag="650" ind1=" " ind2="7">
			<subfield code="a">Sainetes líricos</subfield>
			<subfield code="v">Partituras vocales</subfield>
			<subfield code="2">embne</subfield>
		</datafield>
		<datafield tag="700" ind1="1" ind2=" ">
			<subfield code="a">Serrano, José</subfield>
			<subfield code="d">1873-1941</subfield>
		</datafield>
		<datafield tag="700" ind1="1" ind2=" ">
			<subfield code="a">Arniches, Carlos</subfield>
			<subfield code="d">1866-1943</subfield>
		</datafield>
		<datafield tag="700" ind1="1" ind2=" ">
			<subfield code="a">García Álvarez, Enrique</subfield>
			<subfield code="d">1873-1931</subfield>
		</datafield>
		<datafield tag="856" ind1="4" ind2="1">
			<subfield code="u">http://bdh-rd.bne.es/viewer.vm?id=0000066058&amp;page=1</subfield>
			<subfield code="y">Biblioteca Digital Hispánica</subfield>
		</datafield>
		<datafield tag="899" ind1=" " ind2=" ">
			<subfield code="j">MP/3138/68</subfield>
			<subfield code="x">dig78dig</subfield>
		</datafield>
		<datafield tag="956" ind1=" " ind2=" ">
			<subfield code="a">1</subfield>
		</datafield>
		<datafield tag="980" ind1=" " ind2=" ">
			<subfield code=".">852. 40</subfield>
			<subfield code="a">M-BN</subfield>
			<subfield code="b">BNMADRID</subfield>
			<subfield code="9">PA00704819</subfield>
			<subfield code="j">Mp/3138/68</subfield>
			<subfield code="d">Mp/1625/16</subfield>
			<subfield code="u">Sello del editor: &quot;Sociedad Anónima Casa Dotesio, editores de música, 34, Carrera de San Jerónimo, y Calle de Preciados, 5, Madrid&quot;</subfield>
			<subfield code="q">Ejemplar deteriorado</subfield>
			<subfield code="x">MU </subfield>
			<subfield code="c">SALA_BARBI</subfield>
		</datafield>
	</record>