
	<record>
		<leader>02428ncm a2200397   4500</leader>
		<controlfield tag="001">bipa0000110732</controlfield>
		<controlfield tag="005">20140227        </controlfield>
		<controlfield tag="008">051229s1896    sp tlc //      n    spa/ </controlfield>
		<datafield tag="015" ind1=" " ind2=" ">
			<subfield code="a">TLp</subfield>
			<subfield code="a">CCIM1</subfield>
		</datafield>
		<datafield tag="016" ind1="7" ind2=" ">
			<subfield code="a">bipaBNE20050120812</subfield>
			<subfield code="z">BNE20001235090</subfield>
			<subfield code="z">IND2000907891</subfield>
			<subfield code="2">SpMaBN</subfield>
		</datafield>
		<datafield tag="028" ind1="2" ind2="1">
			<subfield code="a">Z 3692 Z, Z 3963 Z a Z 3967 Z</subfield>
		</datafield>
		<datafield tag="028" ind1="2" ind2="0">
			<subfield code="a">Z 3964 Z, Z 3965 Z, Z 3966 Z</subfield>
		</datafield>
		<datafield tag="035" ind1=" " ind2=" ">
			<subfield code="a">(OCoLC)776569353</subfield>
		</datafield>
		<datafield tag="040" ind1=" " ind2=" ">
			<subfield code="a">SpMaBN</subfield>
			<subfield code="b">spa</subfield>
			<subfield code="c">SpMaBN</subfield>
			<subfield code="e">rdc</subfield>
		</datafield>
		<datafield tag="084" ind1=" " ind2=" ">
			<subfield code="a">5</subfield>
		</datafield>
		<datafield tag="100" ind1="1" ind2=" ">
			<subfield code="a">Valverde, Joaquín</subfield>
			<subfield code="d">1875-1918</subfield>
		</datafield>
		<datafield tag="240" ind1="1" ind2="0">
			<subfield code="a">Las escopetas</subfield>
			<subfield code="s">Partitura vocal</subfield>
		</datafield>
		<datafield tag="245" ind1="1" ind2="4">
			<subfield code="a">Las escopetas</subfield>
			<subfield code="h">[Música notada]</subfield>
			<subfield code="b"> : zarzuela cómica en un acto</subfield>
			<subfield code="c">letra de los Sres. D. A. Paso y D. F.C. Álvarez ; música de los maestros Valverde (hijo) y Estellés</subfield>
		</datafield>
		<datafield tag="254" ind1=" " ind2=" ">
			<subfield code="a">[Partitura vocal]</subfield>
		</datafield>
		<datafield tag="260" ind1="0" ind2=" ">
			<subfield code="a">Madrid (Carrera de San Jerónimo, 34)</subfield>
			<subfield code="b">Zozaya</subfield>
			<subfield code="c">[1896]</subfield>
			<subfield code="f">S. Santamaría</subfield>
		</datafield>
		<datafield tag="300" ind1=" " ind2=" ">
			<subfield code="a">1 partitura vocal (55 p.)</subfield>
			<subfield code="c">35 cm</subfield>
		</datafield>
		<datafield tag="500" ind1=" " ind2=" ">
			<subfield code="a">Portada litografiada firmada por J. Cuevas</subfield>
		</datafield>
		<datafield tag="500" ind1=" " ind2=" ">
			<subfield code="a">En la última página, propaganda de otras obras del autor</subfield>
		</datafield>
		<datafield tag="500" ind1=" " ind2=" ">
			<subfield code="a">Nº 9542 de La música en el Boletín de la Propiedad Intelectual, Biblioteca Nacional, 1997</subfield>
		</datafield>
		<datafield tag="500" ind1=" " ind2=" ">
			<subfield code="a">En port.: &quot;Edición Zozaya&quot;</subfield>
		</datafield>
		<datafield tag="505" ind1="0" ind2=" ">
			<subfield code="a">N. 1, Preludio, &quot;Naranjas, a la rica limoná&quot;.- 4 p.- N. pl.: Z 3692 Z ; N. 2, Coro de la aceituna, &quot;Ay, cuanta aceituna&quot;.- 10 p.- N. pl.: Z 3963 Z ; N. 3, Coro de la caza, &quot;Muy buenas tardes tenga la gente&quot;.- 14 p.- N. pl.: Z 3964 Z ; N. 4, Descripción de la corrida, &quot;Cuéntanos muchacho&quot;.- 10 p.- N. pl.: Z 3965 Z ; N. 5, Gavota, &quot;Ah, no alzar la cabeza&quot;.- 8 p.- N. pl.: Z 3966 Z ; N. 6, Coro del encierro, &quot;A qué ese alboroto&quot;.- 8 p.- N. pl.: Z 3967 Z</subfield>
		</datafield>
		<datafield tag="596" ind1=" " ind2=" ">
			<subfield code="a">Fecha de publicación tomada de La edición musical española hasta 1936, 1995</subfield>
		</datafield>
		<datafield tag="597" ind1=" " ind2=" ">
			<subfield code="a">Con doble secuencia de paginación</subfield>
		</datafield>
		<datafield tag="650" ind1=" " ind2="7">
			<subfield code="a">Zarzuelas</subfield>
			<subfield code="v">Partituras vocales</subfield>
			<subfield code="2">embne</subfield>
		</datafield>
		<datafield tag="700" ind1="1" ind2=" ">
			<subfield code="a">Estellés, Ramón</subfield>
			<subfield code="d">1850?-1899</subfield>
		</datafield>
		<datafield tag="700" ind1="1" ind2=" ">
			<subfield code="a">Paso, Antonio</subfield>
			<subfield code="d">1870-1958</subfield>
		</datafield>
		<datafield tag="700" ind1="1" ind2=" ">
			<subfield code="a">García Álvarez, Enrique</subfield>
			<subfield code="d">1873-1931</subfield>
		</datafield>
		<datafield tag="856" ind1="4" ind2="1">
			<subfield code="u">http://bdh-rd.bne.es/viewer.vm?id=0000112726&amp;page=1</subfield>
			<subfield code="y">Biblioteca Digital Hispánica</subfield>
		</datafield>
		<datafield tag="899" ind1=" " ind2=" ">
			<subfield code="j">MC/3761/26</subfield>
			<subfield code="x">dig78dig</subfield>
		</datafield>
		<datafield tag="956" ind1=" " ind2=" ">
			<subfield code="a">1</subfield>
		</datafield>
		<datafield tag="980" ind1=" " ind2=" ">
			<subfield code=".">561.   </subfield>
			<subfield code="a">Proc. Registro Propiedad Intelectual</subfield>
			<subfield code=".">852. 40</subfield>
			<subfield code="a">M-BN</subfield>
			<subfield code="b">BNMADRID</subfield>
			<subfield code="9">PA00116966</subfield>
			<subfield code="j">MC/3761/26</subfield>
			<subfield code="z">Firma ms. del editor Zozaya </subfield>
			<subfield code="x">V008903</subfield>
			<subfield code="z">Números de ingreso en el Registro de la Prop. Intel.</subfield>
			<subfield code="u">Sello del editor: &quot;Zozaya, editor, música y pianos, Carrera de San Gerónimo 34, Madrid&quot; </subfield>
			<subfield code="c">SALA_BARBI</subfield>
		</datafield>
	</record>