
	<record>
		<leader>01137ctm a2200253   4500</leader>
		<controlfield tag="001">a4456444</controlfield>
		<controlfield tag="005">20140226        </controlfield>
		<controlfield tag="008">090401q1894    sp            000 0 spa/ </controlfield>
		<datafield tag="035" ind1=" " ind2=" ">
			<subfield code="a">(OCoLC)740324756</subfield>
		</datafield>
		<datafield tag="040" ind1=" " ind2=" ">
			<subfield code="a">SpMaBN</subfield>
			<subfield code="b">spa</subfield>
			<subfield code="c">SpMaBN</subfield>
			<subfield code="e">rdc</subfield>
		</datafield>
		<datafield tag="100" ind1="1" ind2=" ">
			<subfield code="a">García Álvarez, Enrique</subfield>
			<subfield code="d">1873-1931</subfield>
		</datafield>
		<datafield tag="245" ind1="1" ind2="3">
			<subfield code="a">El señor Pérez</subfield>
			<subfield code="h">[Manuscrito]</subfield>
			<subfield code="b">: pasillo cómico-lírico en un acto y en prosa. Emp.: Me parece que el negocio se presenta (h. 3v)… Fin.: a esta agencia teatral (h. 32v)</subfield>
			<subfield code="c">original de Enrique García Álvarez, Antonio Paso</subfield>
		</datafield>
		<datafield tag="260" ind1=" " ind2=" ">
			<subfield code="a">[ca. 1894]</subfield>
		</datafield>
		<datafield tag="300" ind1=" " ind2=" ">
			<subfield code="a">32 h.</subfield>
			<subfield code="c">23 x 17 cm.</subfield>
		</datafield>
		<datafield tag="500" ind1=" " ind2=" ">
			<subfield code="a">Firmas de los autores</subfield>
		</datafield>
		<datafield tag="510" ind1="4" ind2=" ">
			<subfield code="a">Paz, Teatro (2ª ed.)</subfield>
			<subfield code="c">n. 8994</subfield>
		</datafield>
		<datafield tag="529" ind1="0" ind2="0">
			<subfield code="a">Me parece que el negocio se presenta (h. 3v)… a esta agencia teatral (h. 32v)</subfield>
		</datafield>
		<datafield tag="596" ind1=" " ind2=" ">
			<subfield code="a">Estrenada en el Teatro de Recoletos, el 31 de julio de 1894, según la ed. de Madrid del mismo año</subfield>
		</datafield>
		<datafield tag="597" ind1=" " ind2=" ">
			<subfield code="a">En blanco las h. 2, 10v, 12v, 13v, 16v, 20v y 23v</subfield>
		</datafield>
		<datafield tag="655" ind1="7" ind2="7">
			<subfield code="a">Teatro</subfield>
			<subfield code="2">tgfbne</subfield>
		</datafield>
		<datafield tag="700" ind1="1" ind2=" ">
			<subfield code="a">Paso, Antonio</subfield>
			<subfield code="d">1870-1958</subfield>
		</datafield>
		<datafield tag="856" ind1="4" ind2="1">
			<subfield code="u">http://bdh-rd.bne.es/viewer.vm?id=0000130509&amp;page=1</subfield>
			<subfield code="y">Biblioteca Digital Hispánica</subfield>
		</datafield>
		<datafield tag="956" ind1=" " ind2=" ">
			<subfield code="a">1</subfield>
		</datafield>
		<datafield tag="899" ind1=" " ind2=" ">
			<subfield code="x">Mnemosine</subfield>
		</datafield>
	</record>