
	<record>
		<leader>01374ntm a2200301   4500</leader>
		<controlfield tag="001">Miam0000010725</controlfield>
		<controlfield tag="005">20140227        </controlfield>
		<controlfield tag="008">060629q1894                        spa  </controlfield>
		<datafield tag="016" ind1="7" ind2=" ">
			<subfield code="a">biamBNE20060009582</subfield>
			<subfield code="2">SpMaBN</subfield>
		</datafield>
		<datafield tag="035" ind1=" " ind2=" ">
			<subfield code="a">(OCoLC)430987619</subfield>
		</datafield>
		<datafield tag="040" ind1=" " ind2=" ">
			<subfield code="a">SpMaBN</subfield>
			<subfield code="b">spa</subfield>
			<subfield code="c">SpMaBN</subfield>
			<subfield code="e">rdc</subfield>
		</datafield>
		<datafield tag="100" ind1="1" ind2=" ">
			<subfield code="a">García Álvarez, Enrique</subfield>
			<subfield code="d">1873-1931</subfield>
		</datafield>
		<datafield tag="245" ind1="1" ind2="3">
			<subfield code="a">La candelada</subfield>
			<subfield code="h">[Manuscrito]</subfield>
			<subfield code="b"> : zarzuela cómica en un acto y tres cuadros en prosa. Emp.: Vaya con Perico (h. 3)... Fin.: la candelada (h. 31)</subfield>
			<subfield code="c">original de D. Antonio Paso y D. Enrique García Álvarez ; música de los maestros Lope y Pérez de la Rosa</subfield>
		</datafield>
		<datafield tag="260" ind1=" " ind2=" ">
			<subfield code="a">[ca. 1894]</subfield>
		</datafield>
		<datafield tag="300" ind1=" " ind2=" ">
			<subfield code="a">31 h.</subfield>
			<subfield code="c">24 x 17 cm.</subfield>
		</datafield>
		<datafield tag="500" ind1=" " ind2=" ">
			<subfield code="a">Firmas autógrafas de Antonio Paso y de Santiago Lope</subfield>
		</datafield>
		<datafield tag="510" ind1="4" ind2=" ">
			<subfield code="a">Paz, Teatro (2ª ed.)</subfield>
			<subfield code="c">n. 5281</subfield>
		</datafield>
		<datafield tag="510" ind1="4" ind2=" ">
			<subfield code="a">Iglesias de Souza, Luis. Teatro Lírico Español, La Coruña, 1991, I</subfield>
			<subfield code="c">p. 514, n. 3788</subfield>
		</datafield>
		<datafield tag="529" ind1="0" ind2="0">
			<subfield code="a">Vaya con Perico (h. 3)... la candelada (h. 31)</subfield>
		</datafield>
		<datafield tag="596" ind1=" " ind2=" ">
			<subfield code="a">Estrenada en el teatro Moderno el 14 de junio de 1894</subfield>
		</datafield>
		<datafield tag="655" ind1=" " ind2="7">
			<subfield code="a">Teatro</subfield>
			<subfield code="2">tgfbne</subfield>
		</datafield>
		<datafield tag="700" ind1="1" ind2=" ">
			<subfield code="a">Paso, Antonio</subfield>
			<subfield code="d">1870-1958</subfield>
		</datafield>
		<datafield tag="700" ind1="1" ind2=" ">
			<subfield code="a">Lope, Santiago</subfield>
			<subfield code="d">1871-1906</subfield>
		</datafield>
		<datafield tag="700" ind1="1" ind2=" ">
			<subfield code="a">Pérez de la Rosa, J.</subfield>
			<subfield code="d">fl. 1894</subfield>
		</datafield>
		<datafield tag="856" ind1="4" ind2="1">
			<subfield code="u">http://bdh-rd.bne.es/viewer.vm?id=0000130508&amp;page=1</subfield>
			<subfield code="y">Biblioteca Digital Hispánica</subfield>
		</datafield>
		<datafield tag="956" ind1=" " ind2=" ">
			<subfield code="a">1</subfield>
		</datafield>
		<datafield tag="980" ind1=" " ind2=" ">
			<subfield code=".">852. 40</subfield>
			<subfield code="a">M-BN</subfield>
			<subfield code="b">BNMADRID</subfield>
			<subfield code="9">MS00014109</subfield>
			<subfield code="j">Mss/14116/4</subfield>
			<subfield code="x">FA</subfield>
			<subfield code="c">SALA_CERV</subfield>
		</datafield>
		<datafield tag="899" ind1=" " ind2=" ">
			<subfield code="x">Mnemosine</subfield>
		</datafield>
	</record>