
	<record>
		<leader>01368nam a2200277 i 4500</leader>
		<controlfield tag="001">bimo0000836072</controlfield>
		<controlfield tag="005">20140224        </controlfield>
		<controlfield tag="008">900725s1928    sp            000 0 spa  </controlfield>
		<datafield tag="016" ind1="7" ind2=" ">
			<subfield code="a">bimoBNE19980757267</subfield>
			<subfield code="2">SpMaBN</subfield>
		</datafield>
		<datafield tag="035" ind1=" " ind2=" ">
			<subfield code="a">(OCoLC)733466502</subfield>
		</datafield>
		<datafield tag="040" ind1=" " ind2=" ">
			<subfield code="a">SpMaBN</subfield>
			<subfield code="b">spa</subfield>
			<subfield code="c">A2</subfield>
			<subfield code="d">SpMaBN</subfield>
		</datafield>
		<datafield tag="080" ind1=" " ind2=" ">
			<subfield code="a">821.134.2-14&quot;18&quot;</subfield>
		</datafield>
		<datafield tag="100" ind1="1" ind2=" ">
			<subfield code="a">Espronceda, José de</subfield>
			<subfield code="d">1808-1842</subfield>
		</datafield>
		<datafield tag="245" ind1="1" ind2="0">
			<subfield code="a">Sus mejores versos</subfield>
			<subfield code="h">[Texto impreso]</subfield>
			<subfield code="c">José de Espronceda ; prólogo de Federico García Sanchiz ; portada e ilustraciones de Agustín ; retrato del autor por Cuevas</subfield>
		</datafield>
		<datafield tag="260" ind1=" " ind2=" ">
			<subfield code="a">[S.l.]</subfield>
			<subfield code="b">[s.n.]</subfield>
			<subfield code="c">1928</subfield>
			<subfield code="e">Madrid</subfield>
			<subfield code="f">Imp. de Sordomudos</subfield>
		</datafield>
		<datafield tag="300" ind1=" " ind2=" ">
			<subfield code="a">79 p.</subfield>
			<subfield code="b">ill.</subfield>
			<subfield code="c">18 cm</subfield>
		</datafield>
		<datafield tag="490" ind1="0" ind2=" ">
			<subfield code="a">Los Poetas</subfield>
			<subfield code="v">v. 2</subfield>
		</datafield>
		<datafield tag="700" ind1="1" ind2=" ">
			<subfield code="a">García Sanchiz, Federico</subfield>
			<subfield code="d">1886-1964</subfield>
		</datafield>
		<datafield tag="700" ind1="1" ind2=" ">
			<subfield code="a">Agustín</subfield>
			<subfield code="c">(ilustrador)</subfield>
		</datafield>
		<datafield tag="856" ind1="4" ind2="1">
			<subfield code="u">http://bdh-rd.bne.es/viewer.vm?id=0000103714&amp;page=1</subfield>
			<subfield code="y">Biblioteca Digital Hispánica</subfield>
		</datafield>
		<datafield tag="956" ind1=" " ind2=" ">
			<subfield code="a">1 2</subfield>
		</datafield>
		<datafield tag="980" ind1=" " ind2=" ">
			<subfield code=".">541.   </subfield>
			<subfield code="c">Adquirido a</subfield>
			<subfield code="a">Librería de Antaño</subfield>
			<subfield code="b">Buenos Aires</subfield>
			<subfield code=".">563.   </subfield>
			<subfield code="a">Rústica</subfield>
			<subfield code=".">583.   </subfield>
			<subfield code="l">Papel ácido</subfield>
			<subfield code=".">852. 40</subfield>
			<subfield code="a">M-BN</subfield>
			<subfield code="b">BNMADRID</subfield>
			<subfield code="9">MO03229865</subfield>
			<subfield code="j">1/232731</subfield>
			<subfield code="c">SG_RECOLET</subfield>
		</datafield>
		<datafield tag="980" ind1=" " ind2=" ">
			<subfield code=".">563.   </subfield>
			<subfield code="a">Holandesa, conservando la original</subfield>
			<subfield code=".">583.   </subfield>
			<subfield code="l">Papel ácido</subfield>
			<subfield code=".">852. 40</subfield>
			<subfield code="a">M-BN</subfield>
			<subfield code="b">BNALCALA</subfield>
			<subfield code="9">MO04265452</subfield>
			<subfield code="j">AHMo/61897</subfield>
			<subfield code="d">5/3884</subfield>
			<subfield code="c">SG_PETANTI</subfield>
		</datafield>
		<datafield tag="980" ind1=" " ind2=" ">
			<subfield code=".">563.   </subfield>
			<subfield code="a">Rústica</subfield>
			<subfield code=".">583.   </subfield>
			<subfield code="l">Papel ácido</subfield>
			<subfield code=".">852. 40</subfield>
			<subfield code="a">M-BN</subfield>
			<subfield code="b">BNMADRID</subfield>
			<subfield code="9">MO00574518</subfield>
			<subfield code="j">VC/10068/7</subfield>
			<subfield code="c">SG_RECOLET</subfield>
		</datafield>
		<datafield tag="899" ind1=" " ind2=" ">
			<subfield code="j">VC/10068/7</subfield>
			<subfield code="x">DIG XIX</subfield>
		</datafield>
		<datafield tag="899" ind1=" " ind2=" ">
			<subfield code="x">dig821(460)dig</subfield>
		</datafield>
	</record>