
	<record>
		<leader>01175nas a2200313 i 4500</leader>
		<controlfield tag="001">bise0000072557</controlfield>
		<controlfield tag="005">20120615        </controlfield>
		<controlfield tag="007">ta</controlfield>
		<controlfield tag="008">961107d19341934sp wr p       0uuub0spa  </controlfield>
		<datafield tag="010" ind1=" " ind2=" ">
			<subfield code="a">n</subfield>
			<subfield code="b">0</subfield>
			<subfield code="c">20101207</subfield>
			<subfield code="o">s</subfield>
		</datafield>
		<datafield tag="016" ind1="7" ind2=" ">
			<subfield code="a">biseBNE19970241142</subfield>
			<subfield code="2">SpMaBN</subfield>
			<subfield code="z">REB1996005718</subfield>
		</datafield>
		<datafield tag="022" ind1="0" ind2=" ">
			<subfield code="a">2171-1801</subfield>
			<subfield code="2">_u</subfield>
		</datafield>
		<datafield tag="035" ind1=" " ind2=" ">
			<subfield code="a">(OCoLC)436700126</subfield>
		</datafield>
		<datafield tag="037" ind1=" " ind2=" ">
			<subfield code="b">Constantino Rodríguez, 4</subfield>
		</datafield>
		<datafield tag="040" ind1=" " ind2=" ">
			<subfield code="a">SpMaBN</subfield>
			<subfield code="b">spa</subfield>
			<subfield code="c">SIC</subfield>
			<subfield code="e">rdc</subfield>
		</datafield>
		<datafield tag="080" ind1=" " ind2="0">
			<subfield code="a">(051)</subfield>
		</datafield>
		<datafield tag="210" ind1="0" ind2=" ">
			<subfield code="a">Diablo mundo</subfield>
		</datafield>
		<datafield tag="222" ind1=" " ind2="0">
			<subfield code="a">Diablo mundo</subfield>
		</datafield>
		<datafield tag="245" ind1="0" ind2="0">
			<subfield code="a">Diablo mundo</subfield>
			<subfield code="h">[Texto impreso]</subfield>
		</datafield>
		<datafield tag="260" ind1=" " ind2=" ">
			<subfield code="a">Madrid</subfield>
			<subfield code="b">[Diablo Mundo]</subfield>
			<subfield code="c">1934-</subfield>
		</datafield>
		<datafield tag="300" ind1=" " ind2=" ">
			<subfield code="a">   v.</subfield>
			<subfield code="c">43 cm</subfield>
		</datafield>
		<datafield tag="310" ind1=" " ind2=" ">
			<subfield code="a">Semanal</subfield>
		</datafield>
		<datafield tag="362" ind1="0" ind2=" ">
			<subfield code="a">Año 1, n. 1 (28 abr. 1934)-</subfield>
		</datafield>
		<datafield tag="500" ind1=" " ind2=" ">
			<subfield code="a">Director, Corpus Barga</subfield>
		</datafield>
		<datafield tag="500" ind1=" " ind2=" ">
			<subfield code="a">Tít. tomado de la cabecera</subfield>
		</datafield>
		<datafield tag="700" ind1="1" ind2="1">
			<subfield code="a">Barga, Corpus</subfield>
			<subfield code="d">1887-1975</subfield>
		</datafield>
		<datafield tag="856" ind1="4" ind2="1">
			<subfield code="u">http://hemerotecadigital.bne.es/issn/2171-1801</subfield>
			<subfield code="y">Hemeroteca Digital</subfield>
		</datafield>
		<datafield tag="956" ind1=" " ind2=" ">
			<subfield code="a">2</subfield>
		</datafield>
		<datafield tag="980" ind1=" " ind2=" ">
			<subfield code=".">852. 41</subfield>
			<subfield code="a">M-BN</subfield>
			<subfield code="b">AH</subfield>
			<subfield code="9">SE00056517</subfield>
			<subfield code="c">CONSERVACI</subfield>
			<subfield code="j">ZR/910</subfield>
			<subfield code="d">Z/8752</subfield>
			<subfield code="x">Revisado</subfield>
			<subfield code=".">853. 00</subfield>
			<subfield code="8">1</subfield>
			<subfield code="a">Año</subfield>
			<subfield code="b">n.</subfield>
			<subfield code="i">(año)</subfield>
			<subfield code="j">(mes)</subfield>
			<subfield code="w">w</subfield>
			<subfield code=".">866. 40</subfield>
			<subfield code="8">0</subfield>
			<subfield code="a">(1934)</subfield>
			<subfield code=".">863. 43</subfield>
			<subfield code="8">1.1</subfield>
			<subfield code="a">1</subfield>
			<subfield code="b">1-9</subfield>
			<subfield code="i">1934</subfield>
			<subfield code="z">Compra Patrimonio( nº 2-9), por derecho de tanteo , en la subasta de la sala Durán de Madrid, el día 6 de nov. de 1997</subfield>
		</datafield>
	</record>