
	<record>
		<leader>05243ckc a2200865 i 4500</leader>
		<controlfield tag="001">a4848252</controlfield>
		<controlfield tag="005">20140314        </controlfield>
		<controlfield tag="007">kh*bo </controlfield>
		<controlfield tag="008">101001s1937    sp nnn         |  knspa  </controlfield>
		<datafield tag="035" ind1=" " ind2=" ">
			<subfield code="a">(OCoLC)776456133</subfield>
		</datafield>
		<datafield tag="040" ind1=" " ind2=" ">
			<subfield code="a">SpMaBN</subfield>
			<subfield code="b">spa</subfield>
			<subfield code="c">SpMaBN</subfield>
			<subfield code="e">rdc</subfield>
		</datafield>
		<datafield tag="245" ind1="0" ind2="0">
			<subfield code="a">Jura del cargo de los Consejeros de la Falange en el Monasterio de Santa María de las Huelgas, Burgos</subfield>
			<subfield code="h">[Material gráfico]</subfield>
			<subfield code="c">Foto Delespro ; Gil del Espinar ... [et. al]</subfield>
		</datafield>
		<datafield tag="260" ind1=" " ind2=" ">
			<subfield code="c">1937</subfield>
		</datafield>
		<datafield tag="300" ind1=" " ind2=" ">
			<subfield code="a">1 sobre (32 fotografías)</subfield>
			<subfield code="b">papel gelatina</subfield>
			<subfield code="c">13 x 18 cm</subfield>
		</datafield>
		<datafield tag="490" ind1="1" ind2=" ">
			<subfield code="a">[Fondo fotográfico de la Guerra Civil Española. Burgos]</subfield>
		</datafield>
		<datafield tag="500" ind1=" " ind2=" ">
			<subfield code="a">En algunas fotografías manuscrito o en etiqueta pegada el nº de serie (32/) y nº de orden dentro de ella</subfield>
		</datafield>
		<datafield tag="500" ind1=" " ind2=" ">
			<subfield code="a">Al verso de algunas fotografías número manuscrito (o mecanografiado)</subfield>
		</datafield>
		<datafield tag="500" ind1=" " ind2=" ">
			<subfield code="a">Fotografías del mismo acontecimiento en GC-CAJA/3/4</subfield>
		</datafield>
		<datafield tag="500" ind1=" " ind2=" ">
			<subfield code="a">Aparecen entre otros el General Franco, Ministro Raimundo Fernández Cuesta, General Dávila, Jiménez Caballero, General Queipo de Llano, Pilar Primo de Rivera, Serrano Suñer, General Orgaz, Peña Boeuf, General Saliquet, General Cabanellas, Almirante Corvera, General Millán Astray, Mercedes Sainz Bachiller, Mª Rosa Urraca Pastor, General Kindelán, General Moscardó</subfield>
		</datafield>
		<datafield tag="510" ind1="4" ind2=" ">
			<subfield code="a">150 años de fotografía en la Biblioteca Nacional</subfield>
			<subfield code="c">p. 273</subfield>
		</datafield>
		<datafield tag="518" ind1=" " ind2=" ">
			<subfield code="a">2 diciembre 1937 / Monasterio de las Huelgas (Burgos)</subfield>
		</datafield>
		<datafield tag="520" ind1="3" ind2=" ">
			<subfield code="a">Juramento de los 49 Consejeros de la Falange en presencia de Francisco Franco, prelados, diplomáticos extranjeros y personalidades diversas. Desfile de la escolta del Generalísimo rindiendo honores en el Monasterio de las Huelgas el día 2 de diciembre de 1937</subfield>
		</datafield>
		<datafield tag="520" ind1="8" ind2=" ">
			<subfield code="a">En alguna fotografía aparecen todos los Consejeros en grupo</subfield>
		</datafield>
		<datafield tag="540" ind1=" " ind2=" ">
			<subfield code="a">Puede haber restricciones a la publicación o exposición de algunas de las fotografías por estar vigentes los derechos de autor.</subfield>
		</datafield>
		<datafield tag="541" ind1=" " ind2=" ">
			<subfield code="a">Fondo trasladado en 1980 desde el Ministerio de Cultura a la Biblioteca Nacional</subfield>
		</datafield>
		<datafield tag="561" ind1=" " ind2=" ">
			<subfield code="a">Ministerio de Información y Turismo. Sección Guerra Civil</subfield>
		</datafield>
		<datafield tag="594" ind1=" " ind2=" ">
			<subfield code="a">Fotógrafos, agencias y organismos (sello en seco y en tinta): “FOTO DELESPRO”; “GIL DEL ESPINAR / Lersundi, 6-9º dh.-BILBAO”</subfield>
		</datafield>
		<datafield tag="597" ind1=" " ind2=" ">
			<subfield code="a">Hay varios ejemplares de algunas fotografías, siendo el total del sobre 53 copias</subfield>
		</datafield>
		<datafield tag="597" ind1=" " ind2=" ">
			<subfield code="a">Guardado en Caja nº 74</subfield>
		</datafield>
		<datafield tag="600" ind1="1" ind2=" ">
			<subfield code="a">Franco Bahamonde, Francisco</subfield>
			<subfield code="d">1892-1975</subfield>
			<subfield code="2">embne</subfield>
		</datafield>
		<datafield tag="600" ind1="1" ind2=" ">
			<subfield code="a">Dávila Arrondo, Fidel</subfield>
			<subfield code="d">1878-1962</subfield>
			<subfield code="2">embne</subfield>
		</datafield>
		<datafield tag="600" ind1="1" ind2=" ">
			<subfield code="a">Giménez Caballero, Ernesto</subfield>
			<subfield code="d">1899-1988</subfield>
			<subfield code="2">embne</subfield>
		</datafield>
		<datafield tag="600" ind1="1" ind2=" ">
			<subfield code="a">Queipo de Llano, Gonzalo</subfield>
			<subfield code="d">1875-1951</subfield>
			<subfield code="2">embne</subfield>
		</datafield>
		<datafield tag="600" ind1="1" ind2=" ">
			<subfield code="a">Peña Boeuf, Alfonso</subfield>
			<subfield code="d">1888-1966</subfield>
			<subfield code="2">embne</subfield>
		</datafield>
		<datafield tag="600" ind1="1" ind2=" ">
			<subfield code="a">Fernández-Cuesta, Raimundo</subfield>
			<subfield code="d">1897-1992</subfield>
			<subfield code="2">embne</subfield>
		</datafield>
		<datafield tag="600" ind1="1" ind2=" ">
			<subfield code="a">Primo de Rivera, Pilar</subfield>
			<subfield code="d">1907-1991</subfield>
			<subfield code="2">embne</subfield>
		</datafield>
		<datafield tag="600" ind1="1" ind2=" ">
			<subfield code="a">Serrano Suñer, Ramón</subfield>
			<subfield code="d">1901-2003</subfield>
			<subfield code="2">embne</subfield>
		</datafield>
		<datafield tag="600" ind1="1" ind2=" ">
			<subfield code="a">Orgaz Yoldi, Luis</subfield>
			<subfield code="d">1881-1946</subfield>
			<subfield code="2">embne</subfield>
		</datafield>
		<datafield tag="600" ind1="1" ind2=" ">
			<subfield code="a">Saliquet Zumeta, Andrés</subfield>
			<subfield code="d">1887-1959</subfield>
			<subfield code="2">embne</subfield>
		</datafield>
		<datafield tag="600" ind1="1" ind2=" ">
			<subfield code="a">Cabanellas Ferrer, Miguel</subfield>
			<subfield code="d">1872-1938</subfield>
			<subfield code="2">embne</subfield>
		</datafield>
		<datafield tag="600" ind1="1" ind2=" ">
			<subfield code="a">Cervera Valderrama, Juan</subfield>
			<subfield code="d">1870-1952</subfield>
			<subfield code="2">embne</subfield>
		</datafield>
		<datafield tag="600" ind1="1" ind2=" ">
			<subfield code="a">Sanz Bachiller, Mercedes</subfield>
			<subfield code="2">embne</subfield>
		</datafield>
		<datafield tag="600" ind1="1" ind2=" ">
			<subfield code="a">Millán Astray, José</subfield>
			<subfield code="d">1879-1954</subfield>
			<subfield code="2">embne</subfield>
		</datafield>
		<datafield tag="600" ind1="1" ind2=" ">
			<subfield code="a">Urraca Pastor, María Rosa</subfield>
			<subfield code="2">embne</subfield>
		</datafield>
		<datafield tag="600" ind1="1" ind2=" ">
			<subfield code="a">Kindelán, Alfredo</subfield>
			<subfield code="d">1879-1962</subfield>
			<subfield code="2">embne</subfield>
		</datafield>
		<datafield tag="600" ind1="1" ind2=" ">
			<subfield code="a">Moscardó Ituarte, José,</subfield>
			<subfield code="c">Conde del Alcázar de Toledo,</subfield>
			<subfield code="c">General </subfield>
			<subfield code="d">1878-1956</subfield>
			<subfield code="2">embne</subfield>
		</datafield>
		<datafield tag="600" ind1="1" ind2=" ">
			<subfield code="a">Pemán, José María</subfield>
			<subfield code="d">1897-1981</subfield>
			<subfield code="2">embne</subfield>
		</datafield>
		<datafield tag="600" ind1="1" ind2=" ">
			<subfield code="a">González-Bueno y Bocos, Pedro</subfield>
			<subfield code="d">1896-1985</subfield>
			<subfield code="2">embne</subfield>
		</datafield>
		<datafield tag="600" ind1="1" ind2=" ">
			<subfield code="a">Suevos, Jesús</subfield>
			<subfield code="2">embne</subfield>
		</datafield>
		<datafield tag="600" ind1="1" ind2=" ">
			<subfield code="a">Yagüe Blanco, Juan</subfield>
			<subfield code="d">1891-1952</subfield>
			<subfield code="2">embne</subfield>
		</datafield>
		<datafield tag="600" ind1="1" ind2=" ">
			<subfield code="a">Giménez-Arnau, J. A.</subfield>
			<subfield code="d">1912-1985</subfield>
			<subfield code="2">embne</subfield>
		</datafield>
		<datafield tag="600" ind1="1" ind2=" ">
			<subfield code="a">Girón de Velasco, José Antonio</subfield>
			<subfield code="d">1911-1995</subfield>
			<subfield code="2">embne</subfield>
		</datafield>
		<datafield tag="600" ind1="1" ind2=" ">
			<subfield code="a">Rodezno, Tomás Domínguez Arévalo,</subfield>
			<subfield code="c">Conde de</subfield>
			<subfield code="2">embne</subfield>
		</datafield>
		<datafield tag="600" ind1="1" ind2=" ">
			<subfield code="a">Gil del Espinar</subfield>
			<subfield code="c">(fotógrafo)</subfield>
			<subfield code="2">embne</subfield>
		</datafield>
		<datafield tag="610" ind1="2" ind2=" ">
			<subfield code="a">Consejo Nacional de Jefes Provinciales de F.E.T. y de las J.O.N.S.</subfield>
			<subfield code="t">I Consejo Nacional de Jefes Provinciales de F.E.T. y de las J.O.N.S.</subfield>
			<subfield code="2">embne</subfield>
		</datafield>
		<datafield tag="610" ind1="2" ind2=" ">
			<subfield code="a">Falange Española Tradicionalista y de las J.O.N.S.</subfield>
			<subfield code="b">Consejo Nacional </subfield>
			<subfield code="n">(I.</subfield>
			<subfield code="d">1937.</subfield>
			<subfield code="c">Burgos)</subfield>
			<subfield code="2">embne</subfield>
		</datafield>
		<datafield tag="610" ind1="1" ind2=" ">
			<subfield code="a">España</subfield>
			<subfield code="b">Guardia Mora</subfield>
			<subfield code="2">embne</subfield>
		</datafield>
		<datafield tag="610" ind1="2" ind2=" ">
			<subfield code="a">Monasterio de las Huelgas (Burgos)</subfield>
			<subfield code="2">embne</subfield>
		</datafield>
		<datafield tag="610" ind1="2" ind2=" ">
			<subfield code="a">España</subfield>
			<subfield code="b">Delegación del Estado para Prensa y Propaganda</subfield>
			<subfield code="2">embne</subfield>
		</datafield>
		<datafield tag="650" ind1=" " ind2="7">
			<subfield code="a">Desfiles</subfield>
			<subfield code="z">Burgos</subfield>
			<subfield code="y">1936-1939</subfield>
			<subfield code="2">embne</subfield>
		</datafield>
		<datafield tag="650" ind1=" " ind2="7">
			<subfield code="a">Juramentos</subfield>
			<subfield code="2">embne</subfield>
		</datafield>
		<datafield tag="651" ind1=" " ind2="7">
			<subfield code="a">España</subfield>
			<subfield code="x">Historia</subfield>
			<subfield code="y">1936-1939 (Guerra civil)</subfield>
			<subfield code="2">embne</subfield>
		</datafield>
		<datafield tag="651" ind1=" " ind2="7">
			<subfield code="a">Burgos</subfield>
			<subfield code="x">Historia</subfield>
			<subfield code="y">1936-1939</subfield>
			<subfield code="2">embne</subfield>
		</datafield>
		<datafield tag="655" ind1=" " ind2="7">
			<subfield code="a">Fotografías de vistas de ciudades</subfield>
			<subfield code="z">España</subfield>
			<subfield code="y">S.XX</subfield>
			<subfield code="2">tgfbne</subfield>
			<subfield code="2">tgfbne</subfield>
		</datafield>
		<datafield tag="655" ind1=" " ind2="7">
			<subfield code="a">Fotografía de arquitectura</subfield>
			<subfield code="z">España</subfield>
			<subfield code="y">S.XX</subfield>
			<subfield code="2">tgfbne</subfield>
			<subfield code="2">tgfbne</subfield>
		</datafield>
		<datafield tag="655" ind1=" " ind2="7">
			<subfield code="a">Retratos fotográficos de grupo</subfield>
			<subfield code="z">España</subfield>
			<subfield code="y">S.XX</subfield>
			<subfield code="2">tgfbne</subfield>
		</datafield>
		<datafield tag="655" ind1=" " ind2="7">
			<subfield code="a">Fotografía de guerra</subfield>
			<subfield code="z">España</subfield>
			<subfield code="y">S.XX</subfield>
			<subfield code="2">tgfbne</subfield>
		</datafield>
		<datafield tag="655" ind1=" " ind2="7">
			<subfield code="a">Fotoperiodismo</subfield>
			<subfield code="z">España</subfield>
			<subfield code="y">S.XX</subfield>
			<subfield code="2">tgfbne</subfield>
			<subfield code="2">tgfbne</subfield>
		</datafield>
		<datafield tag="655" ind1=" " ind2="7">
			<subfield code="a">Positivos papel gelatina revelado químico</subfield>
			<subfield code="z">España</subfield>
			<subfield code="y">S.XX </subfield>
		</datafield>
		<datafield tag="700" ind1="1" ind2=" ">
			<subfield code="a">Gil del Espinar</subfield>
			<subfield code="c">(fotógrafo)</subfield>
		</datafield>
		<datafield tag="710" ind1="2" ind2=" ">
			<subfield code="a">España</subfield>
			<subfield code="b">Delegación del Estado para Prensa y Propaganda</subfield>
		</datafield>
		<datafield tag="830" ind1=" " ind2="0">
			<subfield code="a">Fondo fotográfico de la Guerra Civil Española.</subfield>
			<subfield code="p">Burgos</subfield>
		</datafield>
		<datafield tag="856" ind1="4" ind2="1">
			<subfield code="u">http://bdh-rd.bne.es/viewer.vm?id=0000084736</subfield>
			<subfield code="y">Biblioteca Digital Hispánica</subfield>
		</datafield>
		<datafield tag="956" ind1=" " ind2=" ">
			<subfield code="a">1</subfield>
		</datafield>
		<datafield tag="899" ind1=" " ind2=" ">
			<subfield code="j">GC-CAJA/74BIS/1</subfield>
		</datafield>
	</record>