
	<record>
		<leader>02114nas a2200409   4500</leader>
		<controlfield tag="001">Mise0000046568</controlfield>
		<controlfield tag="005">20131107        </controlfield>
		<controlfield tag="008">960109d19271932sp erype   _  0uuub0spa  </controlfield>
		<datafield tag="010" ind1=" " ind2=" ">
			<subfield code="n"/>
			<subfield code="b">0</subfield>
			<subfield code="c">19991015</subfield>
		</datafield>
		<datafield tag="016" ind1="7" ind2=" ">
			<subfield code="a">biseBNE19960000639</subfield>
			<subfield code="2">SpMaBN</subfield>
		</datafield>
		<datafield tag="022" ind1="0" ind2=" ">
			<subfield code="a">1575-7226</subfield>
		</datafield>
		<datafield tag="035" ind1=" " ind2=" ">
			<subfield code="a">(OCoLC)436628142</subfield>
		</datafield>
		<datafield tag="040" ind1=" " ind2=" ">
			<subfield code="a">SpMaBN</subfield>
			<subfield code="b">spa</subfield>
			<subfield code="c">SpMaBN</subfield>
			<subfield code="e">rdc</subfield>
		</datafield>
		<datafield tag="080" ind1=" " ind2="0">
			<subfield code="a">008</subfield>
		</datafield>
		<datafield tag="130" ind1="3" ind2=" ">
			<subfield code="a">La Gaceta literaria (Madrid. 1927)</subfield>
		</datafield>
		<datafield tag="210" ind1="0" ind2=" ">
			<subfield code="a">Gac. lit.</subfield>
		</datafield>
		<datafield tag="222" ind1=" " ind2="3">
			<subfield code="a">La Gaceta literaria</subfield>
		</datafield>
		<datafield tag="245" ind1="0" ind2="3">
			<subfield code="a">La Gaceta literaria</subfield>
			<subfield code="h">[Texto impreso]</subfield>
			<subfield code="b"> : ibérica-americana-internacional : letras, arte, ciencia : periódico quincenal</subfield>
		</datafield>
		<datafield tag="260" ind1="0" ind2=" ">
			<subfield code="a">Madrid</subfield>
			<subfield code="b">E. Giménez Caballero</subfield>
			<subfield code="c">1927-</subfield>
		</datafield>
		<datafield tag="300" ind1=" " ind2=" ">
			<subfield code="a">   v.</subfield>
			<subfield code="c">60 cm</subfield>
		</datafield>
		<datafield tag="310" ind1=" " ind2=" ">
			<subfield code="a">Quincenal</subfield>
		</datafield>
		<datafield tag="362" ind1="0" ind2=" ">
			<subfield code="a">Año 1, n. 1 (1 en. 1927)-</subfield>
		</datafield>
		<datafield tag="362" ind1="1" ind2=" ">
			<subfield code="a">Cesó en 1932</subfield>
		</datafield>
		<datafield tag="500" ind1=" " ind2=" ">
			<subfield code="a">Tít. tomado de la cabecera</subfield>
		</datafield>
		<datafield tag="500" ind1=" " ind2=" ">
			<subfield code="a">A partir de 1930 la altura es 41 cm</subfield>
		</datafield>
		<datafield tag="580" ind1=" " ind2="2">
			<subfield code="a">Existe reprod. facs. publicada en Vaduz : Topos Verlag, 1980</subfield>
		</datafield>
		<datafield tag="650" ind1=" " ind2="7">
			<subfield code="a">Cultura</subfield>
			<subfield code="2">embne</subfield>
		</datafield>
		<datafield tag="700" ind1="1" ind2=" ">
			<subfield code="a">Giménez Caballero, Ernesto</subfield>
			<subfield code="d">1899-1988</subfield>
		</datafield>
		<datafield tag="775" ind1="0" ind2=" ">
			<subfield code="t">La Gaceta literaria</subfield>
		</datafield>
		<datafield tag="856" ind1="4" ind2="1">
			<subfield code="u">http://hemerotecadigital.bne.es/issn/1575-7226</subfield>
			<subfield code="y">Hemeroteca Digital</subfield>
		</datafield>
		<datafield tag="856" ind1="4" ind2="1">
			<subfield code="3">1927-1932</subfield>
			<subfield code="u">http://www.edaddeplata.org/revistas_edaddeplata/index.html</subfield>
			<subfield code="y">Versión en línea</subfield>
		</datafield>
		<datafield tag="956" ind1=" " ind2=" ">
			<subfield code="a">2</subfield>
		</datafield>
		<datafield tag="980" ind1=" " ind2=" ">
			<subfield code=".">843.   </subfield>
			<subfield code="3">1927-1931</subfield>
			<subfield code="a">Microfilme</subfield>
			<subfield code="b">Madrid</subfield>
			<subfield code="c">CTD</subfield>
			<subfield code="d">1996</subfield>
			<subfield code="e">1 carrete de microfilme (548 fotogramas); 35 mm</subfield>
			<subfield code=".">852. 40</subfield>
			<subfield code="a">M-BN</subfield>
			<subfield code="j">REVmicro/241&lt;1&gt;(ALCALÁ)</subfield>
			<subfield code="b">PS</subfield>
			<subfield code="c">SPR_ANTI</subfield>
			<subfield code="z">Reproducción de ZR/262</subfield>
		</datafield>
		<datafield tag="980" ind1=" " ind2=" ">
			<subfield code=".">852. 40</subfield>
			<subfield code="a">M-BN</subfield>
			<subfield code="b">BNALCALA</subfield>
			<subfield code="j">AHS/50896</subfield>
			<subfield code="x">AH</subfield>
			<subfield code="c">CONSERVACI</subfield>
			<subfield code=".">866. 40</subfield>
			<subfield code="8">0</subfield>
			<subfield code="a">(1928)</subfield>
			<subfield code="z">De 1928: solo n.40-41,43-47</subfield>
		</datafield>
		<datafield tag="980" ind1=" " ind2=" ">
			<subfield code=".">852. 40</subfield>
			<subfield code="a">M-BN</subfield>
			<subfield code="b">BNALCALA</subfield>
			<subfield code="j">AHS/50899</subfield>
			<subfield code="x">AH</subfield>
			<subfield code="c">CONSERVACI</subfield>
			<subfield code=".">866. 40</subfield>
			<subfield code="8">0</subfield>
			<subfield code="a">(1927-1931)</subfield>
		</datafield>
		<datafield tag="980" ind1=" " ind2=" ">
			<subfield code=".">022.   </subfield>
			<subfield code="a">1575-7226</subfield>
			<subfield code=".">852. 41</subfield>
			<subfield code="a">M-BN</subfield>
			<subfield code="b">BNALCALA</subfield>
			<subfield code="9">SE00050996</subfield>
			<subfield code="j">ZR/262</subfield>
			<subfield code="q">Colección en muy mal estado </subfield>
			<subfield code="d">Z/2872</subfield>
			<subfield code="x">PS</subfield>
			<subfield code="c">CONSERVACI</subfield>
			<subfield code="x">Revisado</subfield>
			<subfield code="z">Ejemplar reproducido</subfield>
			<subfield code=".">853. 00</subfield>
			<subfield code="8">1</subfield>
			<subfield code="a">Año</subfield>
			<subfield code="b">n.</subfield>
			<subfield code="i">(año)</subfield>
			<subfield code="j">(mes)</subfield>
			<subfield code="k">(día)</subfield>
			<subfield code="w">e</subfield>
			<subfield code=".">866. 40</subfield>
			<subfield code="8">0</subfield>
			<subfield code="a">1927-1928(1929-1931)</subfield>
		</datafield>
		<datafield tag="980" ind1=" " ind2=" ">
			<subfield code=".">843.   </subfield>
			<subfield code="3">1927-1931</subfield>
			<subfield code="a">Microfilme</subfield>
			<subfield code="b">Madrid</subfield>
			<subfield code="c">CTD</subfield>
			<subfield code="d">1996</subfield>
			<subfield code="e">1 carrete de microfilme (548 fotogramas); 35 mm</subfield>
			<subfield code=".">852. 41</subfield>
			<subfield code="a">M-BN</subfield>
			<subfield code="b">BNALCALA</subfield>
			<subfield code="j">AHSMmicro/1454&lt;1&gt;</subfield>
			<subfield code="x">AH</subfield>
			<subfield code="c">CONSERVACI</subfield>
			<subfield code="z">Reproducción de ZR/262</subfield>
		</datafield>
	</record>