
	<record>
		<leader>02145ckm a2200325 c 4500</leader>
		<controlfield tag="001">a4320732</controlfield>
		<controlfield tag="005">20140313        </controlfield>
		<controlfield tag="007">kh*boq</controlfield>
		<controlfield tag="008">080714e19620710sp             |0 k spa  </controlfield>
		<datafield tag="035" ind1=" " ind2=" ">
			<subfield code="a">(OCoLC)776273596</subfield>
		</datafield>
		<datafield tag="040" ind1=" " ind2=" ">
			<subfield code="a">SpMaBN</subfield>
			<subfield code="b">spa</subfield>
			<subfield code="c">SpMaBN</subfield>
			<subfield code="e">rdc</subfield>
		</datafield>
		<datafield tag="100" ind1="1" ind2=" ">
			<subfield code="a">Gyenes, Juan</subfield>
			<subfield code="d">1912-1995</subfield>
		</datafield>
		<datafield tag="245" ind1="1" ind2="0">
			<subfield code="a">[César González Ruano]</subfield>
		</datafield>
		<datafield tag="260" ind1=" " ind2=" ">
			<subfield code="c">[10 de julio de 1962]</subfield>
		</datafield>
		<datafield tag="300" ind1=" " ind2=" ">
			<subfield code="a">1 fotografía</subfield>
			<subfield code="b">papel gelatina</subfield>
			<subfield code="c">30 x 40</subfield>
		</datafield>
		<datafield tag="336" ind1=" " ind2=" ">
			<subfield code="a">Imagen (fija ; bidimensional ; visual)</subfield>
			<subfield code="2">isbdcontent</subfield>
		</datafield>
		<datafield tag="337" ind1=" " ind2=" ">
			<subfield code="a">sin mediación</subfield>
			<subfield code="2">isbdmedia</subfield>
		</datafield>
		<datafield tag="510" ind1=" " ind2=" ">
			<subfield code="a">Gyenes Madrid Foto Ramblas Barcelona : fotografía de estudio 1950-1990</subfield>
			<subfield code="c">p.66</subfield>
		</datafield>
		<datafield tag="520" ind1="8" ind2=" ">
			<subfield code="a">Busto de hombre, rostro y mano con cigarrillo sobre fondo negro</subfield>
		</datafield>
		<datafield tag="530" ind1=" " ind2=" ">
			<subfield code="a">Disponible también el negativo nº 12.234</subfield>
		</datafield>
		<datafield tag="540" ind1=" " ind2=" ">
			<subfield code="3">Fotografías:</subfield>
			<subfield code="a">La autorización para la reproducción, distribución , comunicación pública o transformación  debe ser solicitada a VEGAP, entidad que gestiona los derechos de autor de la obra de Juan Gyenes, a favor del titular de los mismos;</subfield>
			<subfield code="b">VEGAP, c/Núñez de Balboa 25. 28001 Madrid T.915326632.</subfield>
		</datafield>
		<datafield tag="540" ind1=" " ind2=" ">
			<subfield code="a">Las reproducciones de las obras de Juan Gyenes deben ir acompañadas del siguiente copyright: “Juan Gyenes, VEGAP,Madrid y año en el que se va a realizar el uso de la obra”. Deberá mencionarse así mismo el origen de la fotografía con la siguiente leyenda: “Fondo Gyenes. Biblioteca Nacional de España”.</subfield>
		</datafield>
		<datafield tag="600" ind1="1" ind2=" ">
			<subfield code="a">González-Ruano, César</subfield>
			<subfield code="d">1903-1965</subfield>
			<subfield code="2">embne</subfield>
		</datafield>
		<datafield tag="650" ind1=" " ind2="7">
			<subfield code="a">Escritores españoles</subfield>
			<subfield code="2">embne</subfield>
		</datafield>
		<datafield tag="655" ind1=" " ind2="7">
			<subfield code="a">Positivos papel gelatina</subfield>
			<subfield code="z">España</subfield>
			<subfield code="y">S.XX</subfield>
			<subfield code="2">tgfbne</subfield>
		</datafield>
		<datafield tag="655" ind1=" " ind2="7">
			<subfield code="a">Retratos fotográficos</subfield>
			<subfield code="z">España</subfield>
			<subfield code="y">S.XX</subfield>
			<subfield code="2">tgfbne</subfield>
			<subfield code="2">tgfbne</subfield>
		</datafield>
		<datafield tag="856" ind1="4" ind2="1">
			<subfield code="u">http://bdh-rd.bne.es/viewer.vm?id=0000028167</subfield>
			<subfield code="y">Biblioteca Digital Hispánica</subfield>
		</datafield>
		<datafield tag="956" ind1=" " ind2=" ">
			<subfield code="a">1</subfield>
		</datafield>
		<datafield tag="980" ind1=" " ind2=" ">
			<subfield code=".">541.   </subfield>
			<subfield code="c">Compra a</subfield>
			<subfield code="a">Familia Gyenes,</subfield>
			<subfield code="d">1998</subfield>
			<subfield code=".">852. 40</subfield>
			<subfield code="a">SpMaBN</subfield>
			<subfield code="b">BNMADRID</subfield>
			<subfield code="j">GYENES/8/40</subfield>
			<subfield code="c">SALA_GOYA</subfield>
			<subfield code="x">BA</subfield>
			<subfield code="z">Al verso sello en tinta morada: &quot;FOTO/GYENES/ACADÉMICO DE LA REAL ACADEMIA/DE BELLAS ARTES DE SAN FERNANDO/C/ Isabel La Católica, 12/28013 MADRID&quot;.</subfield>
			<subfield code="z">Al verso anotación manuscrita a bolígrafo azul: &quot;González Ruano&quot;.</subfield>
			<subfield code="q">Exfoliaciones en los cuatro lados del verso</subfield>
		</datafield>
		<datafield tag="899" ind1=" " ind2=" ">
			<subfield code="j">GYENES/8/40</subfield>
		</datafield>
	</record>