
	<record>
		<leader>01105nkm a2200253 b 4500</leader>
		<controlfield tag="001">binp0000271040</controlfield>
		<controlfield tag="005">20140224        </controlfield>
		<controlfield tag="007">kdoco </controlfield>
		<controlfield tag="008">030516s1950                             </controlfield>
		<datafield tag="016" ind1="7" ind2=" ">
			<subfield code="a">binpBNE20030043377</subfield>
			<subfield code="2">SpMaBN</subfield>
		</datafield>
		<datafield tag="040" ind1=" " ind2=" ">
			<subfield code="a">SpMaBN</subfield>
			<subfield code="b">spa</subfield>
			<subfield code="c">SpMaBN</subfield>
			<subfield code="e">rdc</subfield>
		</datafield>
		<datafield tag="100" ind1="1" ind2="0">
			<subfield code="a">Aranda, Pilar</subfield>
			<subfield code="d">1914-</subfield>
		</datafield>
		<datafield tag="245" ind1="1" ind2="0">
			<subfield code="a">Retrato de César González Ruano</subfield>
			<subfield code="h">[Material gráfico]</subfield>
			<subfield code="c">Pilar Aranda</subfield>
		</datafield>
		<datafield tag="260" ind1="1" ind2=" ">
			<subfield code="c">1950</subfield>
		</datafield>
		<datafield tag="300" ind1=" " ind2=" ">
			<subfield code="a">1 dibujo sobre papel amarillento</subfield>
			<subfield code="b">acuarela</subfield>
			<subfield code="c">335 x 235 mm</subfield>
		</datafield>
		<datafield tag="500" ind1=" " ind2=" ">
			<subfield code="a">Inscripción manuscrita a tinta negra: &quot;A mauricio/y Mari-Jo: por la unión/hacia la fuerza. A la/fuerza por las debilidades/Cesar&quot;</subfield>
		</datafield>
		<datafield tag="518" ind1=" " ind2=" ">
			<subfield code="a">Fecha manuscrita a tinta</subfield>
		</datafield>
		<datafield tag="594" ind1=" " ind2=" ">
			<subfield code="a">Firmado en el lado superior derecho del recto</subfield>
		</datafield>
		<datafield tag="597" ind1=" " ind2=" ">
			<subfield code="a">Dibujo pegado en un marco de cartulina verde</subfield>
		</datafield>
		<datafield tag="600" ind1="1" ind2="7">
			<subfield code="a">González-Ruano, César</subfield>
			<subfield code="d">1903-1965</subfield>
			<subfield code="2">embne</subfield>
		</datafield>
		<datafield tag="655" ind1=" " ind2="7">
			<subfield code="a">Acuarelas</subfield>
			<subfield code="z">España</subfield>
			<subfield code="y">S.XX</subfield>
			<subfield code="2">tgfbne</subfield>
		</datafield>
		<datafield tag="856" ind1="4" ind2="1">
			<subfield code="u">http://bdh-rd.bne.es/viewer.vm?id=0000022071</subfield>
			<subfield code="y">Biblioteca Digital Hispánica</subfield>
		</datafield>
		<datafield tag="956" ind1=" " ind2=" ">
			<subfield code="a">1</subfield>
		</datafield>
		<datafield tag="980" ind1=" " ind2=" ">
			<subfield code=".">541.   </subfield>
			<subfield code="c">Donación</subfield>
			<subfield code="a">Libreria Pons.</subfield>
			<subfield code="b">Zaragoza</subfield>
			<subfield code="d">2001</subfield>
			<subfield code=".">852. 40</subfield>
			<subfield code="a">M-BN</subfield>
			<subfield code="b">BNMADRID</subfield>
			<subfield code="j">Dib/18/1/8091</subfield>
			<subfield code="x">BA</subfield>
			<subfield code="c">SALA_GOYA</subfield>
		</datafield>
	</record>