
	<record>
		<leader>01220cam a2200301 c 4500</leader>
		<controlfield tag="001">a4859872</controlfield>
		<controlfield tag="005">20140226        </controlfield>
		<controlfield tag="008">101116s1920    sp            000 f spa  </controlfield>
		<datafield tag="035" ind1=" " ind2=" ">
			<subfield code="a">(OCoLC)432075689</subfield>
		</datafield>
		<datafield tag="040" ind1=" " ind2=" ">
			<subfield code="a">SpMaBN</subfield>
			<subfield code="b">spa</subfield>
			<subfield code="c">SpMaBN</subfield>
			<subfield code="e">rdc</subfield>
		</datafield>
		<datafield tag="080" ind1=" " ind2=" ">
			<subfield code="a">391</subfield>
		</datafield>
		<datafield tag="080" ind1=" " ind2=" ">
			<subfield code="a">82.09</subfield>
		</datafield>
		<datafield tag="100" ind1="1" ind2=" ">
			<subfield code="a">Gómez Carrillo, Enrique</subfield>
			<subfield code="d">1873-1927</subfield>
		</datafield>
		<datafield tag="245" ind1="1" ind2="3">
			<subfield code="a">La mujer y la moda</subfield>
			<subfield code="h">[Texto impreso] ;</subfield>
			<subfield code="b">El teatro de Pierrot</subfield>
			<subfield code="c">E. Gómez Carrillo</subfield>
		</datafield>
		<datafield tag="260" ind1=" " ind2=" ">
			<subfield code="a">Madrid</subfield>
			<subfield code="b">Mundo Latino</subfield>
			<subfield code="c">[1920]</subfield>
		</datafield>
		<datafield tag="300" ind1=" " ind2=" ">
			<subfield code="a">246 p.</subfield>
			<subfield code="c">19 cm</subfield>
		</datafield>
		<datafield tag="490" ind1="0" ind2=" ">
			<subfield code="a">Obras completas</subfield>
			<subfield code="v">v12</subfield>
		</datafield>
		<datafield tag="650" ind1=" " ind2="7">
			<subfield code="a">Moda</subfield>
			<subfield code="2">embne</subfield>
		</datafield>
		<datafield tag="650" ind1=" " ind2="7">
			<subfield code="a">Literatura</subfield>
			<subfield code="x">Historia y crítica</subfield>
			<subfield code="2">embne</subfield>
		</datafield>
		<datafield tag="650" ind1=" " ind2="7">
			<subfield code="a">Pierrot (Personaje de ficción)</subfield>
			<subfield code="x">En la literatura</subfield>
			<subfield code="2">embne</subfield>
		</datafield>
		<datafield tag="700" ind1="1" ind2=" ">
			<subfield code="a">Gómez Carrillo, Enrique</subfield>
			<subfield code="d">1873-1927</subfield>
			<subfield code="t">El teatro de Pierrot</subfield>
		</datafield>
		<datafield tag="740" ind1=" " ind2="2">
			<subfield code="a">El teatro de Pierrot</subfield>
		</datafield>
		<datafield tag="856" ind1="4" ind2="1">
			<subfield code="u">http://bdh-rd.bne.es/viewer.vm?id=0000081663&amp;page=1</subfield>
			<subfield code="y">Biblioteca Digital Hispánica</subfield>
		</datafield>
		<datafield tag="956" ind1=" " ind2=" ">
			<subfield code="a">2</subfield>
		</datafield>
		<datafield tag="980" ind1=" " ind2=" ">
			<subfield code=".">563.   </subfield>
			<subfield code="a">Holandesa</subfield>
			<subfield code=".">583.   </subfield>
			<subfield code="l">Papel ácido</subfield>
			<subfield code=".">852. 40</subfield>
			<subfield code="a">M-BN</subfield>
			<subfield code="b">BNALCALA</subfield>
			<subfield code="9">MO00065589</subfield>
			<subfield code="j">DL/</subfield>
			<subfield code="d">6/11712</subfield>
			<subfield code="z">Conserva la cubierta original</subfield>
			<subfield code="c">CONSERVACI</subfield>
		</datafield>
		<datafield tag="980" ind1=" " ind2=" ">
			<subfield code=".">852. 40</subfield>
			<subfield code="a">M-BN</subfield>
			<subfield code="b">BNALCALA</subfield>
			<subfield code="9">MO00163219</subfield>
			<subfield code="j">12/728300</subfield>
			<subfield code="d">6/12052</subfield>
			<subfield code="z">Encuadernación en tela</subfield>
			<subfield code="x">G079763</subfield>
			<subfield code="c">SG_PETANTI</subfield>
		</datafield>
		<datafield tag="899" ind1=" " ind2=" ">
			<subfield code="j">12/728300</subfield>
			<subfield code="x">DIG HA2</subfield>
		</datafield>
		<datafield tag="899" ind1=" " ind2=" ">
			<subfield code="x">dig821dig</subfield>
		</datafield>
	</record>