
	<record>
		<leader>01101cam a2200241 c 4500</leader>
		<controlfield tag="001">a4859551</controlfield>
		<controlfield tag="005">20140226        </controlfield>
		<controlfield tag="008">101116s1919    sp            000 f spa  </controlfield>
		<datafield tag="035" ind1=" " ind2=" ">
			<subfield code="a">(OCoLC)868832624</subfield>
		</datafield>
		<datafield tag="040" ind1=" " ind2=" ">
			<subfield code="a">SpMaBN</subfield>
			<subfield code="b">spa</subfield>
			<subfield code="c">SpMaBN</subfield>
			<subfield code="e">rdc</subfield>
		</datafield>
		<datafield tag="080" ind1=" " ind2=" ">
			<subfield code="a">821.134.2(728.1)-94&quot;19&quot;</subfield>
		</datafield>
		<datafield tag="100" ind1="1" ind2=" ">
			<subfield code="a">Gómez Carrillo, Enrique</subfield>
			<subfield code="d">1873-1927</subfield>
		</datafield>
		<datafield tag="245" ind1="1" ind2="3">
			<subfield code="a">El primer libro de las crónicas</subfield>
			<subfield code="h">[Texto impreso]</subfield>
			<subfield code="c">E. Gómez Carrillo</subfield>
		</datafield>
		<datafield tag="260" ind1=" " ind2=" ">
			<subfield code="a">Madrid</subfield>
			<subfield code="b">Mundo Latino</subfield>
			<subfield code="c">[1919]</subfield>
		</datafield>
		<datafield tag="300" ind1=" " ind2=" ">
			<subfield code="a">276 p.</subfield>
			<subfield code="c">19 cm</subfield>
		</datafield>
		<datafield tag="490" ind1="0" ind2=" ">
			<subfield code="a">Obras completas</subfield>
			<subfield code="v">v 6</subfield>
		</datafield>
		<datafield tag="856" ind1="4" ind2="1">
			<subfield code="u">http://bdh-rd.bne.es/viewer.vm?id=0000081677&amp;page=1</subfield>
			<subfield code="y">Biblioteca Digital Hispánica</subfield>
		</datafield>
		<datafield tag="956" ind1=" " ind2=" ">
			<subfield code="a">2</subfield>
		</datafield>
		<datafield tag="980" ind1=" " ind2=" ">
			<subfield code=".">563.   </subfield>
			<subfield code="a">Holandesa</subfield>
			<subfield code=".">852. 40</subfield>
			<subfield code="a">M-BN</subfield>
			<subfield code="b">BNALCALA</subfield>
			<subfield code="9">MO04032109</subfield>
			<subfield code="j">AHMO/226438</subfield>
			<subfield code="d">AHI/16381</subfield>
			<subfield code="z">Sello: &quot;Biblioteca Popular José de Acuña&quot;</subfield>
			<subfield code="c">SG_PETANTI</subfield>
		</datafield>
		<datafield tag="980" ind1=" " ind2=" ">
			<subfield code=".">563.   </subfield>
			<subfield code="a">Holandesa</subfield>
			<subfield code=".">583.   </subfield>
			<subfield code="l">Papel ácido</subfield>
			<subfield code=".">852. 40</subfield>
			<subfield code="a">M-BN</subfield>
			<subfield code="b">BNALCALA</subfield>
			<subfield code="9">MO00065589</subfield>
			<subfield code="j">DL/1950766</subfield>
			<subfield code="d">6/11712</subfield>
			<subfield code="z">Conserva la cubierta original</subfield>
			<subfield code="c">CONSERVACI</subfield>
		</datafield>
		<datafield tag="980" ind1=" " ind2=" ">
			<subfield code=".">852. 40</subfield>
			<subfield code="a">M-BN</subfield>
			<subfield code="b">BNALCALA</subfield>
			<subfield code="9">MO00163219</subfield>
			<subfield code="j">12/728304</subfield>
			<subfield code="d">6/12052</subfield>
			<subfield code="z">Encuadernación en tela</subfield>
			<subfield code="x">G079763</subfield>
			<subfield code="c">SG_PETANTI</subfield>
		</datafield>
		<datafield tag="899" ind1=" " ind2=" ">
			<subfield code="j">12/728304</subfield>
			<subfield code="x">DIG HA2</subfield>
		</datafield>
		<datafield tag="899" ind1=" " ind2=" ">
			<subfield code="x">dig821dig</subfield>
		</datafield>
	</record>