
	<record>
		<leader>01226cam a2200277 c 4500</leader>
		<controlfield tag="001">a4859470</controlfield>
		<controlfield tag="005">20140226        </controlfield>
		<controlfield tag="008">101116s1919    sp            000 f spa  </controlfield>
		<datafield tag="035" ind1=" " ind2=" ">
			<subfield code="a">(OCoLC)651387713</subfield>
		</datafield>
		<datafield tag="040" ind1=" " ind2=" ">
			<subfield code="a">SpMaBN</subfield>
			<subfield code="b">spa</subfield>
			<subfield code="c">SpMaBN</subfield>
			<subfield code="e">rdc</subfield>
		</datafield>
		<datafield tag="080" ind1=" " ind2=" ">
			<subfield code="a">821.134.2(728.1)-92&quot;19&quot;</subfield>
		</datafield>
		<datafield tag="080" ind1=" " ind2=" ">
			<subfield code="a">913(5)</subfield>
		</datafield>
		<datafield tag="080" ind1=" " ind2=" ">
			<subfield code="a">(728.1)</subfield>
		</datafield>
		<datafield tag="100" ind1="1" ind2=" ">
			<subfield code="a">Gómez Carrillo, Enrique</subfield>
			<subfield code="d">1873-1927</subfield>
		</datafield>
		<datafield tag="245" ind1="1" ind2="3">
			<subfield code="a">La vida errante</subfield>
			<subfield code="h">[Texto impreso] :</subfield>
			<subfield code="b">(oriente)</subfield>
			<subfield code="c">E. Gómez Carrillo</subfield>
		</datafield>
		<datafield tag="260" ind1=" " ind2=" ">
			<subfield code="a">Madrid</subfield>
			<subfield code="b">Mundo Latino</subfield>
			<subfield code="c">[1919]</subfield>
		</datafield>
		<datafield tag="300" ind1=" " ind2=" ">
			<subfield code="a">259 p.</subfield>
			<subfield code="c">19 cm</subfield>
		</datafield>
		<datafield tag="490" ind1="0" ind2=" ">
			<subfield code="a">Obras completas</subfield>
			<subfield code="v">v 3</subfield>
		</datafield>
		<datafield tag="651" ind1=" " ind2="7">
			<subfield code="a">Asia</subfield>
			<subfield code="x">Descripción</subfield>
			<subfield code="2">embne</subfield>
		</datafield>
		<datafield tag="856" ind1="4" ind2="1">
			<subfield code="u">http://bdh-rd.bne.es/viewer.vm?id=0000081668&amp;page=1</subfield>
			<subfield code="y">Biblioteca Digital Hispánica</subfield>
		</datafield>
		<datafield tag="956" ind1=" " ind2=" ">
			<subfield code="a">2</subfield>
		</datafield>
		<datafield tag="980" ind1=" " ind2=" ">
			<subfield code=".">852. 40</subfield>
			<subfield code="a">M-BN</subfield>
			<subfield code="b">BNALCALA</subfield>
			<subfield code="9">MO004032109</subfield>
			<subfield code="j">AHMO/236425</subfield>
			<subfield code="d">AHI/16381zSello: &quot;Biblioteca Popular José de Acuña&quot;</subfield>
			<subfield code="z">Encuadernación holandesa conservando la original en rústica</subfield>
			<subfield code="c">SG_PETANTI</subfield>
		</datafield>
		<datafield tag="980" ind1=" " ind2=" ">
			<subfield code=".">583.   </subfield>
			<subfield code="l">Papel ácido</subfield>
			<subfield code=".">852. 40</subfield>
			<subfield code="a">M-BN</subfield>
			<subfield code="b">BNALCALA</subfield>
			<subfield code="9">MO00096666</subfield>
			<subfield code="j">DL/1950758</subfield>
			<subfield code="d">6/11712</subfield>
			<subfield code="z">Conserva la cubierta original</subfield>
			<subfield code="c">CONSERVACI</subfield>
		</datafield>
		<datafield tag="980" ind1=" " ind2=" ">
			<subfield code=".">852. 40</subfield>
			<subfield code="a">M-BN</subfield>
			<subfield code="b">BNALCALA</subfield>
			<subfield code="9">MO00163219</subfield>
			<subfield code="j">12/728305</subfield>
			<subfield code="d">6/12052</subfield>
			<subfield code="z">Encuadernación en tela</subfield>
			<subfield code="z">Restos de hongos</subfield>
			<subfield code="x">G079763</subfield>
			<subfield code="c">SG_PETANTI</subfield>
		</datafield>
		<datafield tag="899" ind1=" " ind2=" ">
			<subfield code="j">12/728305</subfield>
			<subfield code="x">DIG HA2</subfield>
		</datafield>
		<datafield tag="899" ind1=" " ind2=" ">
			<subfield code="x">dig91dig</subfield>
		</datafield>
	</record>