
	<record>
		<leader>01832nas a2200397 c 4500</leader>
		<controlfield tag="001">bise0000071540</controlfield>
		<controlfield tag="005">20140318        </controlfield>
		<controlfield tag="007">ta</controlfield>
		<controlfield tag="008">961107d19191922sp mr p       0uuub0spa  </controlfield>
		<datafield tag="010" ind1=" " ind2=" ">
			<subfield code="a">n</subfield>
			<subfield code="b">0</subfield>
			<subfield code="c">20120601</subfield>
			<subfield code="o">s</subfield>
		</datafield>
		<datafield tag="016" ind1="7" ind2=" ">
			<subfield code="a">biseBNE19970230397</subfield>
			<subfield code="2">SpMaBN</subfield>
			<subfield code="z">REB1996004639</subfield>
		</datafield>
		<datafield tag="022" ind1="0" ind2=" ">
			<subfield code="a">2254-4879</subfield>
			<subfield code="2">_u</subfield>
			<subfield code="y">9947-1353</subfield>
		</datafield>
		<datafield tag="035" ind1=" " ind2=" ">
			<subfield code="a">(OCoLC)436698305</subfield>
		</datafield>
		<datafield tag="040" ind1=" " ind2=" ">
			<subfield code="a">SpMaBN</subfield>
			<subfield code="b">spa</subfield>
			<subfield code="c">SIC</subfield>
		</datafield>
		<datafield tag="080" ind1=" " ind2=" ">
			<subfield code="a">82</subfield>
		</datafield>
		<datafield tag="130" ind1="0" ind2="0">
			<subfield code="a">Cosmópolis (Madrid. 1919)</subfield>
		</datafield>
		<datafield tag="210" ind1="0" ind2=" ">
			<subfield code="a">Cosmópolis</subfield>
			<subfield code="b">Madr., 1919</subfield>
		</datafield>
		<datafield tag="222" ind1=" " ind2="0">
			<subfield code="a">Cosmópolis</subfield>
			<subfield code="b">Madrid. 1919</subfield>
		</datafield>
		<datafield tag="245" ind1="1" ind2="0">
			<subfield code="a">Cosmópolis :</subfield>
			<subfield code="b">revista mensual</subfield>
		</datafield>
		<datafield tag="260" ind1=" " ind2=" ">
			<subfield code="a">Madrid</subfield>
			<subfield code="b">Sociedad Española de Librería</subfield>
			<subfield code="c">1919</subfield>
		</datafield>
		<datafield tag="300" ind1=" " ind2=" ">
			<subfield code="a">   v.</subfield>
			<subfield code="c">22 cm</subfield>
		</datafield>
		<datafield tag="310" ind1=" " ind2=" ">
			<subfield code="a">Mensual</subfield>
		</datafield>
		<datafield tag="336" ind1=" " ind2=" ">
			<subfield code="a">Texto (visual)</subfield>
			<subfield code="2">isbdcontent</subfield>
		</datafield>
		<datafield tag="337" ind1=" " ind2=" ">
			<subfield code="a">sin mediación</subfield>
			<subfield code="2">isbdmedia</subfield>
		</datafield>
		<datafield tag="362" ind1="0" ind2=" ">
			<subfield code="a">Año 1, n. 1 (en. 1919)-</subfield>
		</datafield>
		<datafield tag="362" ind1="1" ind2=" ">
			<subfield code="a">Cesó en 1922</subfield>
		</datafield>
		<datafield tag="500" ind1=" " ind2=" ">
			<subfield code="a">Director: E. Gómez Carrillo</subfield>
		</datafield>
		<datafield tag="650" ind1=" " ind2="7">
			<subfield code="a">Literatura</subfield>
			<subfield code="2">embne</subfield>
		</datafield>
		<datafield tag="700" ind1="1" ind2=" ">
			<subfield code="a">Gómez Carrillo, Enrique</subfield>
			<subfield code="d">1873-1927</subfield>
		</datafield>
		<datafield tag="856" ind1="4" ind2="1">
			<subfield code="u">http://hemerotecadigital.bne.es/issn/2254-4879</subfield>
			<subfield code="y">Hemeroteca Digital</subfield>
		</datafield>
		<datafield tag="899" ind1=" " ind2=" ">
			<subfield code="x">HD (30 mayo 2012)</subfield>
		</datafield>
		<datafield tag="956" ind1=" " ind2=" ">
			<subfield code="a">2</subfield>
		</datafield>
		<datafield tag="980" ind1=" " ind2=" ">
			<subfield code=".">843.   </subfield>
			<subfield code="3">1919(1920-1921)1922</subfield>
			<subfield code="a">Microfilme</subfield>
			<subfield code="b">Madrid</subfield>
			<subfield code="c">Biblioteca Nacional</subfield>
			<subfield code="d">2003 </subfield>
			<subfield code="e">8 carretes de microfilme (2745 fotogramas); 35 mm</subfield>
			<subfield code=".">852. 41</subfield>
			<subfield code="a">M-BN</subfield>
			<subfield code="j">REVmicro/1922&lt;1&gt;-REVmicro/1922&lt;8&gt;</subfield>
			<subfield code="b">PS</subfield>
			<subfield code="c">SPR_ANTI</subfield>
			<subfield code="z">Reproducción de ZR/469</subfield>
		</datafield>
		<datafield tag="980" ind1=" " ind2=" ">
			<subfield code=".">852. 40</subfield>
			<subfield code="a">M-BN</subfield>
			<subfield code="b">BNALCALA</subfield>
			<subfield code="j">AHS/51917</subfield>
			<subfield code="x">AH</subfield>
			<subfield code="c">CONSERVACI</subfield>
			<subfield code=".">853. 03</subfield>
			<subfield code="8">001</subfield>
			<subfield code="a">Año</subfield>
			<subfield code="b">t.</subfield>
			<subfield code="d">n.</subfield>
			<subfield code="i">(año)</subfield>
			<subfield code="j">(mes)</subfield>
			<subfield code="w">m</subfield>
			<subfield code=".">866. 40</subfield>
			<subfield code="8">0</subfield>
			<subfield code="a">(1919)</subfield>
		</datafield>
		<datafield tag="980" ind1=" " ind2=" ">
			<subfield code=".">852. 41</subfield>
			<subfield code="a">M-BN</subfield>
			<subfield code="b">BNALCALA</subfield>
			<subfield code="j">AHS/52633</subfield>
			<subfield code="x">AH</subfield>
			<subfield code="c">CONSERVACI</subfield>
			<subfield code=".">853. 03</subfield>
			<subfield code="8">1</subfield>
			<subfield code="a">Año</subfield>
			<subfield code="b">t.</subfield>
			<subfield code="d">n.</subfield>
			<subfield code="i">(año)</subfield>
			<subfield code="j">(mes)</subfield>
			<subfield code="w">m</subfield>
			<subfield code=".">866. 40</subfield>
			<subfield code="8">0</subfield>
			<subfield code="a">(1919)</subfield>
		</datafield>
		<datafield tag="980" ind1=" " ind2=" ">
			<subfield code=".">022. 0 </subfield>
			<subfield code="a">2254-4879</subfield>
			<subfield code="y">9947-1353</subfield>
			<subfield code=".">852. 41</subfield>
			<subfield code="a">M-BN</subfield>
			<subfield code="b">BNALCALA</subfield>
			<subfield code="9">SE00087566</subfield>
			<subfield code="j">ZR/469</subfield>
			<subfield code="q">Colección en muy mal estado </subfield>
			<subfield code="d">D/6626</subfield>
			<subfield code="x">PS</subfield>
			<subfield code="c">CONSERVACI</subfield>
			<subfield code="x">Revisado</subfield>
			<subfield code="z">Ejemplar reproducido</subfield>
			<subfield code=".">853. 03</subfield>
			<subfield code="8">1</subfield>
			<subfield code="a">Año</subfield>
			<subfield code="b">t.</subfield>
			<subfield code="c">n.</subfield>
			<subfield code="i">(año)</subfield>
			<subfield code="j">(mes)</subfield>
			<subfield code="w">m</subfield>
			<subfield code=".">866. 40</subfield>
			<subfield code="8">0</subfield>
			<subfield code="a">1919(1920)1921(1922)</subfield>
		</datafield>
	</record>