
	<record>
		<leader>01101nam a2200277   4500</leader>
		<controlfield tag="001">bimo0001929035</controlfield>
		<controlfield tag="005">20140227        </controlfield>
		<controlfield tag="008">040325s1913    sp            000 0 spa  </controlfield>
		<datafield tag="016" ind1="7" ind2=" ">
			<subfield code="a">bimoBNE20040278670</subfield>
			<subfield code="2">SpMaBN</subfield>
		</datafield>
		<datafield tag="035" ind1=" " ind2=" ">
			<subfield code="a">(OCoLC)433543503</subfield>
		</datafield>
		<datafield tag="040" ind1=" " ind2=" ">
			<subfield code="a">SpMaBN</subfield>
			<subfield code="b">spa</subfield>
			<subfield code="c">SpMaBN</subfield>
			<subfield code="e">rdc</subfield>
			<subfield code="d">SpMaBN</subfield>
		</datafield>
		<datafield tag="080" ind1=" " ind2="0">
			<subfield code="a">929 Francisco de Asís, Santo</subfield>
		</datafield>
		<datafield tag="080" ind1=" " ind2="0">
			<subfield code="a">271.3(091)</subfield>
		</datafield>
		<datafield tag="130" ind1="2" ind2=" ">
			<subfield code="a">I fioretti di San Francesco</subfield>
			<subfield code="l">Español</subfield>
		</datafield>
		<datafield tag="245" ind1="1" ind2="4">
			<subfield code="a">Las florecillas de San Francisco</subfield>
			<subfield code="h">[Texto impreso]</subfield>
			<subfield code="c">prefacio de E. Gómez Carrillo</subfield>
		</datafield>
		<datafield tag="260" ind1=" " ind2=" ">
			<subfield code="a">París</subfield>
			<subfield code="b">Garnier Hermanos</subfield>
			<subfield code="c">[1913?]</subfield>
		</datafield>
		<datafield tag="300" ind1=" " ind2=" ">
			<subfield code="a">XXIII, 256 p.</subfield>
			<subfield code="c">18 cm</subfield>
		</datafield>
		<datafield tag="490" ind1="0" ind2=" ">
			<subfield code="a">Biblioteca de las religiones</subfield>
			<subfield code="v">v.1</subfield>
		</datafield>
		<datafield tag="600" ind1="0" ind2="7">
			<subfield code="a">Francisco de Asís,</subfield>
			<subfield code="c">Santo</subfield>
			<subfield code="2">embne</subfield>
		</datafield>
		<datafield tag="610" ind1="2" ind2="7">
			<subfield code="a">Franciscanos</subfield>
			<subfield code="v">Historia</subfield>
			<subfield code="2">embne</subfield>
		</datafield>
		<datafield tag="700" ind1="1" ind2=" ">
			<subfield code="a">Gómez Carrillo, Enrique</subfield>
			<subfield code="d">1873-1927</subfield>
		</datafield>
		<datafield tag="856" ind1="4" ind2="1">
			<subfield code="u">http://bdh-rd.bne.es/viewer.vm?id=0000129775&amp;page=1</subfield>
			<subfield code="y">Biblioteca Digital Hispánica</subfield>
		</datafield>
		<datafield tag="956" ind1=" " ind2=" ">
			<subfield code="a">1</subfield>
		</datafield>
		<datafield tag="980" ind1=" " ind2=" ">
			<subfield code=".">563.   </subfield>
			<subfield code="a">Holandesa, conservando la original</subfield>
			<subfield code=".">583.   </subfield>
			<subfield code="l">Papel ácido</subfield>
			<subfield code=".">852. 40</subfield>
			<subfield code="a">M-BN</subfield>
			<subfield code="b">BNMADRID</subfield>
			<subfield code="9">MO00054403</subfield>
			<subfield code="j">5/11974&lt;1&gt;</subfield>
			<subfield code="x">B230171</subfield>
			<subfield code="c">SG_RECOLET</subfield>
		</datafield>
		<datafield tag="899" ind1=" " ind2=" ">
			<subfield code="j">5/11974&lt;1&gt;</subfield>
			<subfield code="x">DIG HA2</subfield>
		</datafield>
		<datafield tag="899" ind1=" " ind2=" ">
			<subfield code="x">dig26dig</subfield>
		</datafield>
	</record>