
	<record>
		<leader>01051nam a2200277 i 4500</leader>
		<controlfield tag="001">bimo0000923939</controlfield>
		<controlfield tag="005">20140226        </controlfield>
		<controlfield tag="008">900725s1913    fr            000 0 spa  </controlfield>
		<datafield tag="016" ind1="7" ind2=" ">
			<subfield code="a">bimoBNE19981690747</subfield>
			<subfield code="z">IND9200368084</subfield>
			<subfield code="2">SpMaBN</subfield>
		</datafield>
		<datafield tag="035" ind1=" " ind2=" ">
			<subfield code="a">(OCoLC)432012826</subfield>
		</datafield>
		<datafield tag="040" ind1=" " ind2=" ">
			<subfield code="a">SpMaBN</subfield>
			<subfield code="b">spa</subfield>
			<subfield code="c">A2</subfield>
		</datafield>
		<datafield tag="080" ind1=" " ind2=" ">
			<subfield code="a">(728.1)</subfield>
		</datafield>
		<datafield tag="080" ind1=" " ind2=" ">
			<subfield code="a">821.134.2(728.1)-992&quot;19&quot;</subfield>
		</datafield>
		<datafield tag="080" ind1=" " ind2=" ">
			<subfield code="a">913(4)</subfield>
		</datafield>
		<datafield tag="080" ind1=" " ind2=" ">
			<subfield code="a">913(5)</subfield>
		</datafield>
		<datafield tag="100" ind1="1" ind2=" ">
			<subfield code="a">Gómez Carrillo, Enrique</subfield>
			<subfield code="d">1873-1927</subfield>
		</datafield>
		<datafield tag="245" ind1="1" ind2="0">
			<subfield code="a">Páginas escogidas</subfield>
			<subfield code="h">[Texto impreso] :</subfield>
			<subfield code="b">obra adoptada como texto de lectura en algunas escuelas de América</subfield>
			<subfield code="c">E. Gómez Carrillo</subfield>
		</datafield>
		<datafield tag="260" ind1=" " ind2=" ">
			<subfield code="a">París</subfield>
			<subfield code="b">Casa Editorial Garnier Hermanos</subfield>
			<subfield code="c">[1913?]</subfield>
		</datafield>
		<datafield tag="300" ind1=" " ind2=" ">
			<subfield code="a">268 p.</subfield>
			<subfield code="b">1 retr.</subfield>
			<subfield code="c">18 cm</subfield>
		</datafield>
		<datafield tag="651" ind1=" " ind2="7">
			<subfield code="a">Europa</subfield>
			<subfield code="x">Descripción</subfield>
			<subfield code="2">embne</subfield>
		</datafield>
		<datafield tag="651" ind1=" " ind2="7">
			<subfield code="a">Asia</subfield>
			<subfield code="x">Descripción</subfield>
			<subfield code="2">embne</subfield>
		</datafield>
		<datafield tag="856" ind1="4" ind2="1">
			<subfield code="u">http://bdh-rd.bne.es/viewer.vm?id=0000071877&amp;page=1</subfield>
			<subfield code="y">Biblioteca Digital Hispánica</subfield>
		</datafield>
		<datafield tag="956" ind1=" " ind2=" ">
			<subfield code="a">1</subfield>
		</datafield>
		<datafield tag="980" ind1=" " ind2=" ">
			<subfield code=".">563.   </subfield>
			<subfield code="a">Tela</subfield>
			<subfield code=".">583.   </subfield>
			<subfield code="l">Papel ácido</subfield>
			<subfield code=".">852. 40</subfield>
			<subfield code="a">M-BN</subfield>
			<subfield code="b">BNMADRID</subfield>
			<subfield code="9">MO01180476</subfield>
			<subfield code="j">7/125833</subfield>
			<subfield code="x">G079860</subfield>
			<subfield code="c">SG_RECOLET</subfield>
		</datafield>
		<datafield tag="899" ind1=" " ind2=" ">
			<subfield code="j">7/125833</subfield>
			<subfield code="x">DIG HA2</subfield>
		</datafield>
		<datafield tag="899" ind1=" " ind2=" ">
			<subfield code="x">dig91dig</subfield>
		</datafield>
	</record>