
	<record>
		<leader>01084nam a22002417b 4500</leader>
		<controlfield tag="001">bimo0001978909</controlfield>
		<controlfield tag="005">20140227        </controlfield>
		<controlfield tag="008">041019s1893    fr            000 1 spa  </controlfield>
		<datafield tag="016" ind1="7" ind2=" ">
			<subfield code="a">bimoBNE20040965943</subfield>
			<subfield code="2">SpMaBN</subfield>
		</datafield>
		<datafield tag="035" ind1=" " ind2=" ">
			<subfield code="a">(OCoLC)318442445</subfield>
		</datafield>
		<datafield tag="040" ind1=" " ind2=" ">
			<subfield code="a">SpMaBN</subfield>
			<subfield code="b">spa</subfield>
			<subfield code="c">SpMaBN</subfield>
			<subfield code="e">rdc</subfield>
		</datafield>
		<datafield tag="041" ind1="1" ind2=" ">
			<subfield code="a">spa</subfield>
			<subfield code="h">fre</subfield>
		</datafield>
		<datafield tag="080" ind1=" " ind2=" ">
			<subfield code="a">821.133.1-34&quot;18&quot;(082.2)</subfield>
		</datafield>
		<datafield tag="245" ind1="0" ind2="0">
			<subfield code="a">Cuentos escogidos de los mejores autores franceses contemporáneos</subfield>
			<subfield code="h">[Texto impreso]</subfield>
			<subfield code="c">traducción española con prefacio y noticias literarias de Enrique Gómez Carrillo</subfield>
		</datafield>
		<datafield tag="260" ind1=" " ind2=" ">
			<subfield code="a">París</subfield>
			<subfield code="b">Garnier Hermanos, Libreros-Editores</subfield>
			<subfield code="c">1893</subfield>
		</datafield>
		<datafield tag="300" ind1=" " ind2=" ">
			<subfield code="a">VIII, 333 p.</subfield>
			<subfield code="c">17 cm</subfield>
		</datafield>
		<datafield tag="650" ind1=" " ind2="7">
			<subfield code="a">Cuentos franceses</subfield>
			<subfield code="y">S.XIX</subfield>
			<subfield code="2">embne</subfield>
		</datafield>
		<datafield tag="700" ind1="1" ind2=" ">
			<subfield code="a">Gómez Carrillo, Enrique</subfield>
			<subfield code="d">1873-1927</subfield>
		</datafield>
		<datafield tag="856" ind1="4" ind2="1">
			<subfield code="u">http://bdh-rd.bne.es/viewer.vm?id=0000088251&amp;page=1</subfield>
			<subfield code="y">Biblioteca Digital Hispánica</subfield>
		</datafield>
		<datafield tag="956" ind1=" " ind2=" ">
			<subfield code="a">2</subfield>
		</datafield>
		<datafield tag="980" ind1=" " ind2=" ">
			<subfield code=".">563.   </subfield>
			<subfield code="a">Holandesa</subfield>
			<subfield code=".">583.   </subfield>
			<subfield code="l">Papel ácido</subfield>
			<subfield code=".">852. 40</subfield>
			<subfield code="a">M-BN</subfield>
			<subfield code="b">BNALCALA</subfield>
			<subfield code="9">MO04480086</subfield>
			<subfield code="j">12/264672</subfield>
			<subfield code="z">Sello: &quot;Biblioteca Popular, Inclusa&quot;</subfield>
			<subfield code="z">Sello del lMinisterio de Educación Nacional</subfield>
			<subfield code="c">SG_PETANTI</subfield>
		</datafield>
		<datafield tag="899" ind1=" " ind2=" ">
			<subfield code="j">12/264672</subfield>
			<subfield code="x">DIG HA2</subfield>
		</datafield>
		<datafield tag="899" ind1=" " ind2=" ">
			<subfield code="x">dig821dig</subfield>
		</datafield>
	</record>