
	<record>
		<leader>00974nam a22002291  4500</leader>
		<controlfield tag="001">bimo0000923945</controlfield>
		<controlfield tag="005">20140313        </controlfield>
		<controlfield tag="008">900725n        sp                  spa  </controlfield>
		<datafield tag="016" ind1="7" ind2=" ">
			<subfield code="a">bimoBNE19981690804</subfield>
			<subfield code="z">IND9200368090</subfield>
			<subfield code="2">SpMaBN</subfield>
		</datafield>
		<datafield tag="035" ind1=" " ind2=" ">
			<subfield code="a">(OCoLC)432012841</subfield>
		</datafield>
		<datafield tag="040" ind1=" " ind2=" ">
			<subfield code="a">SpMaBN</subfield>
			<subfield code="b">spa</subfield>
			<subfield code="c">A2</subfield>
		</datafield>
		<datafield tag="080" ind1=" " ind2=" ">
			<subfield code="a">821.134.2&quot;19/20&quot;(082.2)</subfield>
		</datafield>
		<datafield tag="080" ind1=" " ind2=" ">
			<subfield code="a">929 Meller, Raquel (082.2)</subfield>
		</datafield>
		<datafield tag="100" ind1="2" ind2=" ">
			<subfield code="a">Gómez Carrillo, Enrique</subfield>
			<subfield code="d">1873-1927</subfield>
		</datafield>
		<datafield tag="245" ind1="1" ind2="0">
			<subfield code="a">Raquel Meller</subfield>
			<subfield code="h">[Texto impreso]</subfield>
			<subfield code="c">texto de E. Gómez Carrillo ; dibujos de Carlos Vázquez</subfield>
		</datafield>
		<datafield tag="260" ind1=" " ind2=" ">
			<subfield code="a">Madrid</subfield>
			<subfield code="b">Sociedad Española de Librería</subfield>
			<subfield code="c">[s.a.</subfield>
			<subfield code="e">Barcelona</subfield>
			<subfield code="f">Pedro Ortega]</subfield>
		</datafield>
		<datafield tag="300" ind1=" " ind2=" ">
			<subfield code="a">44 p., 1 h. con 8 láms., 1 lám.</subfield>
			<subfield code="c">22 cm</subfield>
		</datafield>
		<datafield tag="500" ind1=" " ind2=" ">
			<subfield code="a">Opiniones de los más ilustres escritores y artistas españoles</subfield>
		</datafield>
		<datafield tag="856" ind1="4" ind2="1">
			<subfield code="u">http://bdh-rd.bne.es/viewer.vm?id=0000055529&amp;page=1</subfield>
			<subfield code="y">Biblioteca Digital Hispánica</subfield>
		</datafield>
		<datafield tag="956" ind1=" " ind2=" ">
			<subfield code="a">1</subfield>
		</datafield>
		<datafield tag="980" ind1=" " ind2=" ">
			<subfield code=".">563.   </subfield>
			<subfield code="a">Rúst.</subfield>
			<subfield code=".">852. 40</subfield>
			<subfield code="a">M-BN</subfield>
			<subfield code="b">BNMADRID</subfield>
			<subfield code="j">VC/2579/12</subfield>
			<subfield code="x">DG</subfield>
			<subfield code="c">SG_RECOLET</subfield>
			<subfield code="x">G079868</subfield>
		</datafield>
		<datafield tag="899" ind1=" " ind2=" ">
			<subfield code="j">Vc/2579/12</subfield>
			<subfield code="x">digGrisdig</subfield>
		</datafield>
	</record>