
	<record>
		<leader>01910cam a2200325 c 4500</leader>
		<controlfield tag="001">bimo0000624419</controlfield>
		<controlfield tag="005">20140224        </controlfield>
		<controlfield tag="008">900725s1919    sp a   | |||| 000 0 spa  </controlfield>
		<datafield tag="016" ind1="7" ind2=" ">
			<subfield code="a">bimoBNE19971036639</subfield>
			<subfield code="z">IND9100109000</subfield>
			<subfield code="2">SpMaBN</subfield>
		</datafield>
		<datafield tag="035" ind1=" " ind2=" ">
			<subfield code="a">(OCoLC)434101907</subfield>
		</datafield>
		<datafield tag="040" ind1=" " ind2=" ">
			<subfield code="a">SpMaBN</subfield>
			<subfield code="b">spa</subfield>
			<subfield code="c">A2</subfield>
			<subfield code="d">SpMaBN</subfield>
		</datafield>
		<datafield tag="080" ind1=" " ind2=" ">
			<subfield code="a">929 Larra, Mariano José de</subfield>
		</datafield>
		<datafield tag="080" ind1=" " ind2=" ">
			<subfield code="a">929</subfield>
			<subfield code="2">summary</subfield>
		</datafield>
		<datafield tag="100" ind1="1" ind2=" ">
			<subfield code="a">Burgos, Carmen de</subfield>
			<subfield code="d">1867-1932</subfield>
		</datafield>
		<datafield tag="245" ind1="1" ind2="0">
			<subfield code="a">Fígaro :</subfield>
			<subfield code="b">(revelaciones, &quot;ella&quot; descubierta, epistolario inédito)</subfield>
			<subfield code="c">por Carmen de Burgos (Colombine) ; epílogo por Ramón Goméz de la Serna ; fotograbados de Adolfo Durá</subfield>
		</datafield>
		<datafield tag="260" ind1=" " ind2=" ">
			<subfield code="a">[S.l.]</subfield>
			<subfield code="b">[s.n.]</subfield>
			<subfield code="c">1919</subfield>
			<subfield code="e">Madrid</subfield>
			<subfield code="f">Imp. de &quot;Alrededor del Mundo&quot;</subfield>
		</datafield>
		<datafield tag="300" ind1=" " ind2=" ">
			<subfield code="a">380 p.</subfield>
			<subfield code="b">il.</subfield>
			<subfield code="c">27 cm</subfield>
		</datafield>
		<datafield tag="336" ind1=" " ind2=" ">
			<subfield code="a">Texto (visual)</subfield>
			<subfield code="2">isbdcontent</subfield>
		</datafield>
		<datafield tag="337" ind1=" " ind2=" ">
			<subfield code="a">sin mediación</subfield>
			<subfield code="2">isbdmedia</subfield>
		</datafield>
		<datafield tag="600" ind1="1" ind2="7">
			<subfield code="a">Larra, Mariano José de</subfield>
			<subfield code="d">1809-1837</subfield>
			<subfield code="2">embne</subfield>
		</datafield>
		<datafield tag="700" ind1="1" ind2=" ">
			<subfield code="a">Gómez de la Serna, Ramón</subfield>
			<subfield code="d">1888-1963</subfield>
		</datafield>
		<datafield tag="700" ind1="1" ind2=" ">
			<subfield code="a">Durá, Adolfo</subfield>
			<subfield code="d">1875-1936</subfield>
		</datafield>
		<datafield tag="856" ind1="4" ind2="1">
			<subfield code="u">http://bdh-rd.bne.es/viewer.vm?id=0000064260&amp;page=1</subfield>
			<subfield code="y">Biblioteca Digital Hispánica</subfield>
		</datafield>
		<datafield tag="956" ind1=" " ind2=" ">
			<subfield code="a">1 2</subfield>
		</datafield>
		<datafield tag="980" ind1=" " ind2=" ">
			<subfield code=".">563.   </subfield>
			<subfield code="a">Holandesa, conservando la cubierta original</subfield>
			<subfield code=".">583.   </subfield>
			<subfield code="l">Hojas sueltas</subfield>
			<subfield code=".">852. 40</subfield>
			<subfield code="a">SpMaBN</subfield>
			<subfield code="b">BNMADRID</subfield>
			<subfield code="9">MO00064799</subfield>
			<subfield code="j">1/82223</subfield>
			<subfield code="x">B296317</subfield>
			<subfield code="c">SG_RECOLET</subfield>
		</datafield>
		<datafield tag="980" ind1=" " ind2=" ">
			<subfield code=".">561.   </subfield>
			<subfield code="a">Comín Colomer</subfield>
			<subfield code=".">563.   </subfield>
			<subfield code="a">Holandesa, conservando la cubierta original</subfield>
			<subfield code=".">852. 40</subfield>
			<subfield code="a">SpMaBN</subfield>
			<subfield code="b">BNMADRID</subfield>
			<subfield code="9">MO00723058</subfield>
			<subfield code="j">3/93337</subfield>
			<subfield code="z">Sello: “Comín, Biblioteca Nacional, Madrid, 1975” </subfield>
			<subfield code="x">B296319</subfield>
			<subfield code="c">SG_RECOLET</subfield>
		</datafield>
		<datafield tag="980" ind1=" " ind2=" ">
			<subfield code=".">563.   </subfield>
			<subfield code="a">Holandesa, conservando la cubierta original</subfield>
			<subfield code=".">852. 40</subfield>
			<subfield code="a">M-BN</subfield>
			<subfield code="b">BNMADRID</subfield>
			<subfield code="j">1/92937</subfield>
			<subfield code="x">B296318</subfield>
			<subfield code="c">SG_RECOLET</subfield>
		</datafield>
		<datafield tag="980" ind1=" " ind2=" ">
			<subfield code=".">563.   </subfield>
			<subfield code="a">Rústica, conservando la cubierta original</subfield>
			<subfield code=".">852. 40</subfield>
			<subfield code="a">M-BN</subfield>
			<subfield code="b">BNMADRID</subfield>
			<subfield code="9">MO00094387</subfield>
			<subfield code="j">4/18860</subfield>
			<subfield code="z">Dedicatoria de la autora </subfield>
			<subfield code="x">B296320</subfield>
			<subfield code="c">SG_RECOLET</subfield>
		</datafield>
		<datafield tag="980" ind1=" " ind2=" ">
			<subfield code=".">843.   </subfield>
			<subfield code="a">Microfilme</subfield>
			<subfield code="b">Madrid</subfield>
			<subfield code="c">Biblioteca Nacional</subfield>
			<subfield code="e">1 carrete de microfilme (215 fotogramas) ; 35 mm</subfield>
			<subfield code=".">852. 40</subfield>
			<subfield code="a">M-BN</subfield>
			<subfield code="b">BNALCALA</subfield>
			<subfield code="j">DGmicro/4899</subfield>
			<subfield code="c">SG_PETANTI</subfield>
		</datafield>
		<datafield tag="899" ind1=" " ind2=" ">
			<subfield code="j">4/18860</subfield>
			<subfield code="x">DIG XIX</subfield>
		</datafield>
	</record>