
	<record>
		<leader>01538nji a2200373   4500</leader>
		<controlfield tag="001">biso0000747900</controlfield>
		<controlfield tag="005">20140528        </controlfield>
		<controlfield tag="007">sd dmsdnnmslub</controlfield>
		<controlfield tag="008">051122q1931    sp tl            1  spa  </controlfield>
		<datafield tag="015" ind1=" " ind2=" ">
			<subfield code="a">SONPZ</subfield>
			<subfield code="a">SON5</subfield>
		</datafield>
		<datafield tag="028" ind1="1" ind2="0">
			<subfield code="a">XXS 4894, XXS 4896</subfield>
		</datafield>
		<datafield tag="028" ind1="0" ind2="0">
			<subfield code="a">184107a, 184107b</subfield>
			<subfield code="b">Odeón</subfield>
		</datafield>
		<datafield tag="035" ind1=" " ind2=" ">
			<subfield code="a">(OCoLC)431460259</subfield>
		</datafield>
		<datafield tag="040" ind1=" " ind2=" ">
			<subfield code="a">SpMaBN</subfield>
			<subfield code="b">spa</subfield>
		</datafield>
		<datafield tag="084" ind1=" " ind2=" ">
			<subfield code="a">5</subfield>
			<subfield code="2">MU</subfield>
		</datafield>
		<datafield tag="100" ind1="1" ind2=" ">
			<subfield code="a">Guerrero, Jacinto</subfield>
			<subfield code="d">1895-1951</subfield>
		</datafield>
		<datafield tag="240" ind1="1" ind2="0">
			<subfield code="a">Martierra.</subfield>
			<subfield code="p">No tengo en el mundo</subfield>
		</datafield>
		<datafield tag="245" ind1="1" ind2="0">
			<subfield code="a">Martierra.</subfield>
			<subfield code="p">Canción del caracol, Gañanadas</subfield>
			<subfield code="c">Guerrero y Hernández Catá</subfield>
		</datafield>
		<datafield tag="260" ind1=" " ind2=" ">
			<subfield code="a">Barcelona</subfield>
			<subfield code="b">Transoceanic Trading Cº</subfield>
			<subfield code="c">[ca. 1931]</subfield>
		</datafield>
		<datafield tag="300" ind1=" " ind2=" ">
			<subfield code="a">1 disco (6 min)</subfield>
			<subfield code="b">78 rpm</subfield>
			<subfield code="c">25 cm</subfield>
		</datafield>
		<datafield tag="336" ind1=" " ind2=" ">
			<subfield code="a">Música (interpretada)</subfield>
			<subfield code="2">isbdcontent</subfield>
		</datafield>
		<datafield tag="337" ind1=" " ind2=" ">
			<subfield code="a">audio</subfield>
			<subfield code="2">isbdmedia</subfield>
		</datafield>
		<datafield tag="500" ind1=" " ind2=" ">
			<subfield code="a">Etiqueta marrón</subfield>
		</datafield>
		<datafield tag="511" ind1="1" ind2=" ">
			<subfield code="a">Dorini de Diso, tip. ; dirección, Mtro. Guerrero (cara A) -- Dorini de Diso, tip. ; Almodóvar, bar. y coro ; dirección, Mtro. Guerrero (cara B)</subfield>
		</datafield>
		<datafield tag="597" ind1=" " ind2=" ">
			<subfield code="a">Veroton</subfield>
		</datafield>
		<datafield tag="650" ind1=" " ind2="7">
			<subfield code="a">Zarzuelas</subfield>
			<subfield code="x">Fragmentos</subfield>
			<subfield code="2">embne</subfield>
		</datafield>
		<datafield tag="700" ind1="1" ind2=" ">
			<subfield code="a">Guerrero, Jacinto</subfield>
			<subfield code="d">1895-1951</subfield>
			<subfield code="t">Martierra.</subfield>
			<subfield code="p">Estamos encerrando</subfield>
		</datafield>
		<datafield tag="700" ind1="1" ind2=" ">
			<subfield code="a">Hernández Catá, Alfonso</subfield>
			<subfield code="d">1885-1940</subfield>
		</datafield>
		<datafield tag="700" ind1="1" ind2=" ">
			<subfield code="a">Diso, Dorini de</subfield>
			<subfield code="e">int.</subfield>
		</datafield>
		<datafield tag="700" ind1="1" ind2=" ">
			<subfield code="a">Almodóvar, Luis</subfield>
			<subfield code="d">1888-1961</subfield>
			<subfield code="e">int.</subfield>
		</datafield>
		<datafield tag="856" ind1="4" ind2="1">
			<subfield code="u">http://bdh.bne.es/bnesearch/detalle/bdh0000149899</subfield>
			<subfield code="y">Biblioteca Digital Hispánica</subfield>
		</datafield>
		<datafield tag="956" ind1=" " ind2=" ">
			<subfield code="a">1</subfield>
		</datafield>
		<datafield tag="980" ind1=" " ind2=" ">
			<subfield code=".">852. 40</subfield>
			<subfield code="a">M-BN</subfield>
			<subfield code="b">BNMADRID</subfield>
			<subfield code="9">DD00305519</subfield>
			<subfield code="j">Ds/10959/1</subfield>
			<subfield code="u">Timbre: &quot;Odeón&quot;</subfield>
			<subfield code="u">Timbre: &quot;SIDOLA. Derechos de reproducción fonográfica pagados. Firma de Guerrero&quot;</subfield>
			<subfield code="x">MU </subfield>
			<subfield code="c">SALA_BARBI</subfield>
		</datafield>
		<datafield tag="899" ind1=" " ind2=" ">
			<subfield code="j">DS/10959/1</subfield>
		</datafield>
	</record>