
	<record>
		<leader>01987njm a2200457   4500</leader>
		<controlfield tag="001">biso0000204832</controlfield>
		<controlfield tag="005">20140227        </controlfield>
		<controlfield tag="007">sd dmsdnnmslub</controlfield>
		<controlfield tag="008">041221q1930    sp tl            1  spa  </controlfield>
		<datafield tag="015" ind1=" " ind2=" ">
			<subfield code="a">SONPZ</subfield>
			<subfield code="a">SON5</subfield>
		</datafield>
		<datafield tag="016" ind1="7" ind2=" ">
			<subfield code="a">bisoBNE20040190897</subfield>
			<subfield code="2">SpMaBN</subfield>
		</datafield>
		<datafield tag="028" ind1=" " ind2="0">
			<subfield code="a">K 1108, K 1110</subfield>
		</datafield>
		<datafield tag="028" ind1=" " ind2="0">
			<subfield code="a">RS 5013</subfield>
			<subfield code="b">Regal</subfield>
		</datafield>
		<datafield tag="035" ind1=" " ind2=" ">
			<subfield code="a">(OCoLC)431062489</subfield>
		</datafield>
		<datafield tag="040" ind1=" " ind2=" ">
			<subfield code="a">SpMaBN</subfield>
			<subfield code="b">spa</subfield>
			<subfield code="c">SpMaBN</subfield>
			<subfield code="e">rdc</subfield>
		</datafield>
		<datafield tag="084" ind1=" " ind2=" ">
			<subfield code="a">5</subfield>
			<subfield code="2">MU</subfield>
		</datafield>
		<datafield tag="084" ind1=" " ind2=" ">
			<subfield code="a">3.1</subfield>
			<subfield code="2">MU</subfield>
		</datafield>
		<datafield tag="100" ind1="1" ind2=" ">
			<subfield code="a">Guerrero, Jacinto</subfield>
			<subfield code="d">1895-1951</subfield>
		</datafield>
		<datafield tag="240" ind1="1" ind2="0">
			<subfield code="a">Martierra.</subfield>
			<subfield code="p">Mejor agua salada que agua del río</subfield>
		</datafield>
		<datafield tag="245" ind1="1" ind2="0">
			<subfield code="a">Martierra</subfield>
			<subfield code="p">Jota, Gañanada</subfield>
			<subfield code="h">[Grabación sonora] </subfield>
			<subfield code="c">A. Hernández-Catá y J. Guerrero</subfield>
		</datafield>
		<datafield tag="260" ind1=" " ind2=" ">
			<subfield code="a">[San Sebastián</subfield>
			<subfield code="b">Columbia Graphophone Company</subfield>
			<subfield code="c">ca. 1930]</subfield>
		</datafield>
		<datafield tag="300" ind1=" " ind2=" ">
			<subfield code="a">1 disco (6 min)</subfield>
			<subfield code="b">78 rpm</subfield>
			<subfield code="c">25 cm</subfield>
		</datafield>
		<datafield tag="500" ind1=" " ind2=" ">
			<subfield code="a">Etiqueta azul</subfield>
		</datafield>
		<datafield tag="510" ind1="4" ind2=" ">
			<subfield code="a">Catálogo general de discos &quot;Regal&quot; conteniendo todos los discos eléctricos publicados hasta fin de diciembre de 1930</subfield>
			<subfield code="c">p. 16</subfield>
		</datafield>
		<datafield tag="511" ind1="1" ind2=" ">
			<subfield code="a">I. León, Paco Gallego y coro (cara A) -- Srta. Disso [sic], tiple ; Almodóvar, barítono y coros Teatro Zarzuela acomp. de orquesta (cara B)</subfield>
		</datafield>
		<datafield tag="533" ind1=" " ind2=" ">
			<subfield code="a">Copia digital de conservación (CD y DAT), 2000</subfield>
		</datafield>
		<datafield tag="596" ind1=" " ind2="1">
			<subfield code="a">Datos de publicación basados en catálogo</subfield>
		</datafield>
		<datafield tag="597" ind1=" " ind2=" ">
			<subfield code="a">Grabado &quot;Viva-tonal&quot;</subfield>
		</datafield>
		<datafield tag="650" ind1=" " ind2="7">
			<subfield code="a">Zarzuelas</subfield>
			<subfield code="x">Fragmentos</subfield>
			<subfield code="2">embne</subfield>
		</datafield>
		<datafield tag="700" ind1="1" ind2=" ">
			<subfield code="a">Guerrero, Jacinto</subfield>
			<subfield code="d">1895-1951</subfield>
			<subfield code="t">Martierra.</subfield>
			<subfield code="p">Estamos encerrando</subfield>
		</datafield>
		<datafield tag="700" ind1="1" ind2=" ">
			<subfield code="a">Hernández Catá, Alfonso</subfield>
			<subfield code="d">1885-1940</subfield>
		</datafield>
		<datafield tag="700" ind1="1" ind2=" ">
			<subfield code="a">León, Ignacio</subfield>
			<subfield code="e">int.</subfield>
		</datafield>
		<datafield tag="700" ind1="1" ind2=" ">
			<subfield code="a">Gallego, Francisco</subfield>
			<subfield code="d">fl. 1924</subfield>
			<subfield code="e">int.</subfield>
		</datafield>
		<datafield tag="700" ind1="1" ind2=" ">
			<subfield code="a">Almodóvar, Luis</subfield>
			<subfield code="d">1888-1961</subfield>
			<subfield code="e">int.</subfield>
		</datafield>
		<datafield tag="700" ind1="1" ind2=" ">
			<subfield code="a">Diso, Dorini de</subfield>
			<subfield code="e">int.</subfield>
		</datafield>
		<datafield tag="710" ind1="2" ind2=" ">
			<subfield code="a">Coro del Teatro de la Zarzuela (Madrid)</subfield>
		</datafield>
		<datafield tag="856" ind1="4" ind2="1">
			<subfield code="u">http://bdh.bne.es/bnesearch/detalle/bdh0000012897</subfield>
			<subfield code="y">Biblioteca Digital Hispánica</subfield>
		</datafield>
		<datafield tag="956" ind1=" " ind2=" ">
			<subfield code="a">1</subfield>
		</datafield>
		<datafield tag="980" ind1=" " ind2=" ">
			<subfield code=".">852. 40</subfield>
			<subfield code="a">M-BN</subfield>
			<subfield code="b">BNMADRID</subfield>
			<subfield code="9">DD00293009</subfield>
			<subfield code="j">Ds/9464/9</subfield>
			<subfield code="x">MU</subfield>
			<subfield code="c">SALA_BARBI</subfield>
		</datafield>
		<datafield tag="980" ind1=" " ind2=" ">
			<subfield code=".">852. 40</subfield>
			<subfield code="a">M-BN</subfield>
			<subfield code="b">BNMADRID</subfield>
			<subfield code="9">DD00305553</subfield>
			<subfield code="j">Ds/10959/3</subfield>
			<subfield code="u">Timbre: &quot;Regal. Derechos pagados&quot;</subfield>
			<subfield code="x">MU</subfield>
			<subfield code="c">SALA_BARBI</subfield>
		</datafield>
		<datafield tag="899" ind1=" " ind2=" ">
			<subfield code="j">DS/9464/9</subfield>
			<subfield code="x">dig78dig</subfield>
		</datafield>
	</record>