
	<record>
		<leader>01980nji a2200445   4500</leader>
		<controlfield tag="001">biso0000747947</controlfield>
		<controlfield tag="005">20140528        </controlfield>
		<controlfield tag="007">sd*dmsdnnmslne</controlfield>
		<controlfield tag="008">051123s1929    sp za            1  spa  </controlfield>
		<datafield tag="015" ind1=" " ind2=" ">
			<subfield code="a">SONPZ</subfield>
			<subfield code="a">SON5</subfield>
		</datafield>
		<datafield tag="028" ind1="1" ind2="0">
			<subfield code="a">BJ 1530, BJ 1549</subfield>
		</datafield>
		<datafield tag="028" ind1="0" ind2="0">
			<subfield code="a">2-264196, 262791</subfield>
		</datafield>
		<datafield tag="028" ind1="0" ind2="0">
			<subfield code="a">AE 2364</subfield>
			<subfield code="b">Disco Gramófono</subfield>
		</datafield>
		<datafield tag="035" ind1=" " ind2=" ">
			<subfield code="a">(OCoLC)431134898</subfield>
		</datafield>
		<datafield tag="040" ind1=" " ind2=" ">
			<subfield code="a">SpMaBN</subfield>
			<subfield code="b">spa</subfield>
		</datafield>
		<datafield tag="084" ind1=" " ind2=" ">
			<subfield code="a">5</subfield>
			<subfield code="2">MU</subfield>
		</datafield>
		<datafield tag="100" ind1="1" ind2=" ">
			<subfield code="a">Guerrero, Jacinto</subfield>
			<subfield code="d">1895-1951</subfield>
		</datafield>
		<datafield tag="240" ind1="1" ind2="0">
			<subfield code="a">Martierra.</subfield>
			<subfield code="p">Mejor agua salada que agua del río</subfield>
		</datafield>
		<datafield tag="245" ind1="1" ind2="0">
			<subfield code="a">Martierra.</subfield>
			<subfield code="p">Jota pueblerina, Tomillo, hierba buena</subfield>
			<subfield code="c">H. Catá y Guerrero</subfield>
		</datafield>
		<datafield tag="260" ind1=" " ind2=" ">
			<subfield code="a">Barcelona</subfield>
			<subfield code="b">Compañía del Gramófono</subfield>
			<subfield code="c">[ca. 1929]</subfield>
		</datafield>
		<datafield tag="300" ind1=" " ind2=" ">
			<subfield code="a">1 disco (6 min)</subfield>
			<subfield code="b">78 rpm</subfield>
			<subfield code="c">25 cm</subfield>
		</datafield>
		<datafield tag="336" ind1=" " ind2=" ">
			<subfield code="a">Música (interpretada)</subfield>
			<subfield code="2">isbdcontent</subfield>
		</datafield>
		<datafield tag="337" ind1=" " ind2=" ">
			<subfield code="a">audio</subfield>
			<subfield code="2">isbdmedia</subfield>
		</datafield>
		<datafield tag="500" ind1=" " ind2=" ">
			<subfield code="a">Etiqueta verde</subfield>
		</datafield>
		<datafield tag="500" ind1=" " ind2=" ">
			<subfield code="a">En etiqueta: &quot;Español&quot;</subfield>
		</datafield>
		<datafield tag="500" ind1=" " ind2=" ">
			<subfield code="a">Tenor y coro con acompañamiento de orquesta (cara A) ; Dúo y coro con acompañamiento de orquesta (cara B)</subfield>
		</datafield>
		<datafield tag="510" ind1="4" ind2=" ">
			<subfield code="a">Catálogo general de discos marca &quot;La Voz de su Amo&quot;, enero 1929</subfield>
			<subfield code="c">p. 160</subfield>
		</datafield>
		<datafield tag="511" ind1="1" ind2=" ">
			<subfield code="a">Sres. Gallego, León y coro con acompañamiento de orquesta (cara A) -- Sr. Folgar y coro con acompañamiento de orquesta (cara B)</subfield>
		</datafield>
		<datafield tag="596" ind1=" " ind2=" ">
			<subfield code="a">Fecha de publicación basada en catálogo</subfield>
		</datafield>
		<datafield tag="650" ind1=" " ind2="7">
			<subfield code="a">Zarzuelas</subfield>
			<subfield code="x">Fragmentos</subfield>
			<subfield code="2">embne</subfield>
		</datafield>
		<datafield tag="700" ind1="1" ind2="2">
			<subfield code="a">Guerrero, Jacinto</subfield>
			<subfield code="d">1895-1951</subfield>
			<subfield code="t">Martierra.</subfield>
			<subfield code="p">Tomillo, hierbabuena</subfield>
		</datafield>
		<datafield tag="700" ind1="1" ind2=" ">
			<subfield code="a">Hernández Catá, Alfonso</subfield>
			<subfield code="d">1885-1940</subfield>
		</datafield>
		<datafield tag="700" ind1="1" ind2=" ">
			<subfield code="a">Gallego, Francisco</subfield>
			<subfield code="d">fl. 1924</subfield>
			<subfield code="e">int.</subfield>
		</datafield>
		<datafield tag="700" ind1="1" ind2=" ">
			<subfield code="a">León, Ángel de</subfield>
			<subfield code="e">int.</subfield>
		</datafield>
		<datafield tag="700" ind1="1" ind2="2">
			<subfield code="a">Folgar, Tino</subfield>
			<subfield code="d">1892-1983</subfield>
			<subfield code="e">int.</subfield>
		</datafield>
		<datafield tag="775" ind1="1" ind2=" ">
			<subfield code="a">Guerrero, Jacinto</subfield>
			<subfield code="t">Martierra</subfield>
			<subfield code="d">1929</subfield>
			<subfield code="h">1 disco</subfield>
			<subfield code="w">a4527988</subfield>
		</datafield>
		<datafield tag="856" ind1="4" ind2="1">
			<subfield code="u">http://bdh.bne.es/bnesearch/detalle/bdh0000149900</subfield>
			<subfield code="y">Biblioteca Digital Hispánica</subfield>
		</datafield>
		<datafield tag="956" ind1=" " ind2=" ">
			<subfield code="a">1</subfield>
		</datafield>
		<datafield tag="980" ind1=" " ind2=" ">
			<subfield code=".">852. 40</subfield>
			<subfield code="a">M-BN</subfield>
			<subfield code="b">BNMADRID</subfield>
			<subfield code="9">DD00305557</subfield>
			<subfield code="j">Ds/10959/4</subfield>
			<subfield code="u">Timbre: &quot;Cía. del Gramófono S.A.E. Pagados los derechos de reproducción fonográfica. Firma de Guerrero&quot; </subfield>
			<subfield code="x">MU</subfield>
			<subfield code="c">SALA_BARBI</subfield>
		</datafield>
		<datafield tag="899" ind1=" " ind2=" ">
			<subfield code="j">DS/10959/4</subfield>
		</datafield>
	</record>