
	<record>
		<leader>01754cam a2200349 i 4500</leader>
		<controlfield tag="001">a4635350</controlfield>
		<controlfield tag="005">20140528        </controlfield>
		<controlfield tag="007">ta</controlfield>
		<controlfield tag="008">090618s1928    sp o    r     000 0 spa  </controlfield>
		<datafield tag="035" ind1=" " ind2=" ">
			<subfield code="a">(OCoLC)776258985</subfield>
		</datafield>
		<datafield tag="040" ind1=" " ind2=" ">
			<subfield code="a">SpMaBN</subfield>
			<subfield code="b">spa</subfield>
			<subfield code="c">SpMaBN</subfield>
			<subfield code="e">rdc</subfield>
		</datafield>
		<datafield tag="080" ind1=" " ind2=" ">
			<subfield code="a">017.42(46):78(086.72)</subfield>
		</datafield>
		<datafield tag="080" ind1=" " ind2=" ">
			<subfield code="x">78</subfield>
		</datafield>
		<datafield tag="110" ind1="2" ind2=" ">
			<subfield code="a">Odeón (Casa discográfica)</subfield>
		</datafield>
		<datafield tag="245" ind1="1" ind2="0">
			<subfield code="a">Martierra</subfield>
			<subfield code="h">[Texto impreso] :</subfield>
			<subfield code="b">la zarzuela mejor lograda del maestro Guerrero y el literato Hernández Catá, por su inimitable intérprete, el coloso divo tenor Rogelio Baldrich en discos elétricos Odeón : noviembre 1928</subfield>
		</datafield>
		<datafield tag="260" ind1=" " ind2=" ">
			<subfield code="a">[Barcelona]</subfield>
			<subfield code="b">Odeón</subfield>
			<subfield code="c">1928</subfield>
			<subfield code="e">Barcelona</subfield>
			<subfield code="f">Talleres Gráficos R. Llauger</subfield>
		</datafield>
		<datafield tag="300" ind1=" " ind2=" ">
			<subfield code="a">4 p.</subfield>
			<subfield code="b">il.</subfield>
			<subfield code="c">20 cm</subfield>
		</datafield>
		<datafield tag="500" ind1=" " ind2=" ">
			<subfield code="a">Catálogo ilustrado con orlas en color y logo de Odeón</subfield>
		</datafield>
		<datafield tag="500" ind1=" " ind2=" ">
			<subfield code="a">Incluye las letras de &quot;Canción de la vela marina&quot; y del &quot;Dúo del acordeón y la guitarra&quot;</subfield>
		</datafield>
		<datafield tag="505" ind1="2" ind2=" ">
			<subfield code="a">El tenor Baldrich y &quot;Martierra&quot; : artículo publicado en La Voz de Madrid, dedicado al tenor Baldrich a propósito del estreno de la zarzuela Martierra.- P. 2</subfield>
		</datafield>
		<datafield tag="596" ind1=" " ind2=" ">
			<subfield code="a">En la página 4: &quot;Zato, c. Pi y Margall, 11, Teléfono 17503, Madrid&quot;</subfield>
		</datafield>
		<datafield tag="597" ind1=" " ind2=" ">
			<subfield code="a">En la cubierta incluye la fotografía de Rogelio Baldrich</subfield>
		</datafield>
		<datafield tag="600" ind1="1" ind2="7">
			<subfield code="a">Baldrich, Rogelio</subfield>
			<subfield code="d">n. ca. 1891</subfield>
			<subfield code="v">Discografías</subfield>
			<subfield code="2">embne</subfield>
		</datafield>
		<datafield tag="610" ind1="2" ind2="7">
			<subfield code="a">Odeón (Casa discográfica)</subfield>
			<subfield code="v">Catálogos</subfield>
			<subfield code="2">embne</subfield>
		</datafield>
		<datafield tag="650" ind1=" " ind2="7">
			<subfield code="a">Discos de pizarra</subfield>
			<subfield code="v">Catálogos</subfield>
			<subfield code="2">embne</subfield>
		</datafield>
		<datafield tag="650" ind1=" " ind2="7">
			<subfield code="a">Música</subfield>
			<subfield code="v">Discografías</subfield>
			<subfield code="2">embne</subfield>
		</datafield>
		<datafield tag="700" ind1="1" ind2=" ">
			<subfield code="a">Guerrero, Jacinto</subfield>
			<subfield code="d">1895-1951</subfield>
			<subfield code="t">Martierra</subfield>
		</datafield>
		<datafield tag="700" ind1="1" ind2=" ">
			<subfield code="a">Hernández Catá, Alfonso</subfield>
			<subfield code="d">1885-1940</subfield>
		</datafield>
		<datafield tag="856" ind1="4" ind2="1">
			<subfield code="u">http://bdh-rd.bne.es/viewer.vm?id=0000143145&amp;page=1</subfield>
			<subfield code="y">Biblioteca Digital Hispánica</subfield>
		</datafield>
		<datafield tag="956" ind1=" " ind2=" ">
			<subfield code="a">1</subfield>
		</datafield>
		<datafield tag="980" ind1=" " ind2=" ">
			<subfield code=".">852. 40</subfield>
			<subfield code="a">SpMaBN</subfield>
			<subfield code="b">BNMADRID</subfield>
			<subfield code="c">SALA_BARBI</subfield>
			<subfield code="j">M.Foll/431/3</subfield>
		</datafield>
		<datafield tag="899" ind1=" " ind2=" ">
			<subfield code="j">M.Foll/431/3</subfield>
			<subfield code="x">dig78dig</subfield>
		</datafield>
	</record>