
	<record>
		<leader>00908nam a22002171  4500</leader>
		<controlfield tag="001">bimo0000989903</controlfield>
		<controlfield tag="005">20140226        </controlfield>
		<controlfield tag="008">920725s1927    sp                  spa  </controlfield>
		<datafield tag="016" ind1="7" ind2=" ">
			<subfield code="a">bimoBNE19982367536</subfield>
			<subfield code="z">IND9200415330</subfield>
			<subfield code="2">SpMaBN</subfield>
		</datafield>
		<datafield tag="035" ind1=" " ind2=" ">
			<subfield code="a">(OCoLC)431836334</subfield>
		</datafield>
		<datafield tag="040" ind1=" " ind2=" ">
			<subfield code="a">SpMaBN</subfield>
			<subfield code="b">spa</subfield>
			<subfield code="c">A2</subfield>
		</datafield>
		<datafield tag="100" ind1="1" ind2=" ">
			<subfield code="a">Hevesy, André de</subfield>
		</datafield>
		<datafield tag="245" ind1="1" ind2="0">
			<subfield code="a">Vida íntima de Beethoven</subfield>
			<subfield code="h">[Texto impreso]</subfield>
			<subfield code="c">André de Hevesy. Traducción de Enrique Ruiz de la Serna. Prólogo de A[lfonso] Hernández Catá</subfield>
		</datafield>
		<datafield tag="260" ind1="1" ind2=" ">
			<subfield code="a">Madrid</subfield>
			<subfield code="b">[s.n.</subfield>
			<subfield code="c">1927</subfield>
			<subfield code="f">Imprenta Helénica]</subfield>
		</datafield>
		<datafield tag="300" ind1=" " ind2=" ">
			<subfield code="a">XX p., 2 h., 222 p., 1 h., lám. I-XI</subfield>
			<subfield code="c">8º mlla. (20 cm)</subfield>
		</datafield>
		<datafield tag="500" ind1=" " ind2=" ">
			<subfield code="a">Fecha del prólogo</subfield>
		</datafield>
		<datafield tag="700" ind1="1" ind2=" ">
			<subfield code="a">Hernández Catá, Alfonso</subfield>
			<subfield code="d">1885-1940</subfield>
		</datafield>
		<datafield tag="856" ind1="4" ind2="1">
			<subfield code="u">http://bdh-rd.bne.es/viewer.vm?id=0000073952&amp;page=1</subfield>
			<subfield code="y">Biblioteca Digital Hispánica</subfield>
		</datafield>
		<datafield tag="956" ind1=" " ind2=" ">
			<subfield code="a">1</subfield>
		</datafield>
		<datafield tag="980" ind1=" " ind2=" ">
			<subfield code=".">563.   </subfield>
			<subfield code="a">Hol.</subfield>
			<subfield code=".">852. 40</subfield>
			<subfield code="a">M-BN</subfield>
			<subfield code="b">BNMADRID</subfield>
			<subfield code="9">MO00085959</subfield>
			<subfield code="j">M/4178</subfield>
			<subfield code="x">MU</subfield>
			<subfield code="c">SALA_BARBI</subfield>
			<subfield code="x">H181497</subfield>
		</datafield>
		<datafield tag="899" ind1=" " ind2=" ">
			<subfield code="j">M/4178</subfield>
		</datafield>
	</record>