
	<record>
		<leader>01047cam a2200241 c 4500</leader>
		<controlfield tag="001">bimo0001011845</controlfield>
		<controlfield tag="005">20140226        </controlfield>
		<controlfield tag="008">920725s1914    sp     | |||| 000 0 spa  </controlfield>
		<datafield tag="016" ind1="7" ind2=" ">
			<subfield code="a">bimoBNE19982593278</subfield>
			<subfield code="z">IND9200433052</subfield>
			<subfield code="2">SpMaBN</subfield>
		</datafield>
		<datafield tag="035" ind1=" " ind2=" ">
			<subfield code="a">(OCoLC)432022845</subfield>
		</datafield>
		<datafield tag="040" ind1=" " ind2=" ">
			<subfield code="a">SpMaBN</subfield>
			<subfield code="b">spa</subfield>
			<subfield code="c">A2</subfield>
			<subfield code="d">SpMaBN</subfield>
		</datafield>
		<datafield tag="080" ind1=" " ind2=" ">
			<subfield code="a">821.134.2-4/-9</subfield>
			<subfield code="2">summary</subfield>
		</datafield>
		<datafield tag="080" ind1=" " ind2=" ">
			<subfield code="a">821.134.2-92&quot;19&quot;</subfield>
		</datafield>
		<datafield tag="100" ind1="1" ind2=" ">
			<subfield code="a">Iglesias Hermida, Prudencio</subfield>
			<subfield code="d">1883-1919</subfield>
		</datafield>
		<datafield tag="245" ind1="1" ind2="0">
			<subfield code="a">Hombres y cosas de mi patria y de mi tiempo</subfield>
			<subfield code="c">Prudencio Iglesias Hermida</subfield>
		</datafield>
		<datafield tag="260" ind1=" " ind2=" ">
			<subfield code="a">[S.l.]</subfield>
			<subfield code="b">[s.n.]</subfield>
			<subfield code="c">1914</subfield>
			<subfield code="e">Madrid</subfield>
			<subfield code="f">Imp. Artística de Sáez Hermanos</subfield>
		</datafield>
		<datafield tag="300" ind1=" " ind2=" ">
			<subfield code="a">156 p.</subfield>
			<subfield code="c">20 cm</subfield>
		</datafield>
		<datafield tag="336" ind1=" " ind2=" ">
			<subfield code="a">Texto (visual)</subfield>
			<subfield code="2">isbdcontent</subfield>
		</datafield>
		<datafield tag="337" ind1=" " ind2=" ">
			<subfield code="a">sin mediación</subfield>
			<subfield code="2">isbdmedia</subfield>
		</datafield>
		<datafield tag="856" ind1="4" ind2="1">
			<subfield code="u">http://bdh-rd.bne.es/viewer.vm?id=0000074646&amp;page=1</subfield>
			<subfield code="y">Biblioteca Digital Hispánica</subfield>
		</datafield>
		<datafield tag="956" ind1=" " ind2=" ">
			<subfield code="a">1</subfield>
		</datafield>
		<datafield tag="980" ind1=" " ind2=" ">
			<subfield code=".">561.   </subfield>
			<subfield code="a">Comín Colomer</subfield>
			<subfield code=".">563.   </subfield>
			<subfield code="a">Holandesa</subfield>
			<subfield code=".">583.   </subfield>
			<subfield code="a">En caja de conversación</subfield>
			<subfield code=".">852. 40</subfield>
			<subfield code="a">M-BN</subfield>
			<subfield code="b">BNMADRID</subfield>
			<subfield code="9">MO00723147</subfield>
			<subfield code="j">3/93617</subfield>
			<subfield code="z">Sello: “Comín, Biblioteca Nacional, Madrid, 1975” </subfield>
			<subfield code="x">I006025</subfield>
			<subfield code="c">SG_RECOLET</subfield>
		</datafield>
		<datafield tag="899" ind1=" " ind2=" ">
			<subfield code="j">3/93617</subfield>
			<subfield code="x">DIG XIX</subfield>
		</datafield>
	</record>