
	<record>
		<leader>01990cam a2200301 c 4500</leader>
		<controlfield tag="001">bimo0001011838</controlfield>
		<controlfield tag="005">20140226        </controlfield>
		<controlfield tag="008">920725s1909    sp     | |||| 000 0 spa  </controlfield>
		<datafield tag="016" ind1="7" ind2=" ">
			<subfield code="a">bimoBNE19982593201</subfield>
			<subfield code="z">IND9200433045</subfield>
			<subfield code="2">SpMaBN</subfield>
		</datafield>
		<datafield tag="035" ind1=" " ind2=" ">
			<subfield code="a">(OCoLC)796283743</subfield>
		</datafield>
		<datafield tag="040" ind1=" " ind2=" ">
			<subfield code="a">SpMaBN</subfield>
			<subfield code="b">spa</subfield>
			<subfield code="c">A2</subfield>
			<subfield code="d">SpMaBN</subfield>
		</datafield>
		<datafield tag="080" ind1=" " ind2=" ">
			<subfield code="a">821.134.2</subfield>
			<subfield code="2">summary</subfield>
		</datafield>
		<datafield tag="080" ind1=" " ind2=" ">
			<subfield code="a">821.134.2-4&quot;19&quot;</subfield>
		</datafield>
		<datafield tag="080" ind1=" " ind2=" ">
			<subfield code="a">821.134.2.09&quot;18&quot;</subfield>
		</datafield>
		<datafield tag="100" ind1="1" ind2=" ">
			<subfield code="a">Iglesias Hermida, Prudencio</subfield>
			<subfield code="d">1883-1919</subfield>
		</datafield>
		<datafield tag="245" ind1="1" ind2="0">
			<subfield code="a">De mi museo :</subfield>
			<subfield code="b">Helda Amboury, El último merovingio, Enrique Borrás, Vicente Blasco Ibáñez, Guillermo II de Alemania, Theo el domador, Alejandro Lerroux, Ramón del Valle Inclán, Alejandro Sawa, El vengador, Rubén Darío, Joaquín Costa, el oro del enano</subfield>
			<subfield code="c">Prudencio Iglesias</subfield>
		</datafield>
		<datafield tag="260" ind1=" " ind2=" ">
			<subfield code="a">[S.l.]</subfield>
			<subfield code="b">[s.n.]</subfield>
			<subfield code="c">1909</subfield>
			<subfield code="e">Madrid</subfield>
			<subfield code="f">Imp. Ibérica</subfield>
		</datafield>
		<datafield tag="300" ind1=" " ind2=" ">
			<subfield code="a">127 p.</subfield>
			<subfield code="c">19 cm</subfield>
		</datafield>
		<datafield tag="336" ind1=" " ind2=" ">
			<subfield code="a">Texto (visual)</subfield>
			<subfield code="2">isbdcontent</subfield>
		</datafield>
		<datafield tag="337" ind1=" " ind2=" ">
			<subfield code="a">sin mediación</subfield>
			<subfield code="2">isbdmedia</subfield>
		</datafield>
		<datafield tag="650" ind1=" " ind2="7">
			<subfield code="a">Literatura española</subfield>
			<subfield code="y">S.XIX</subfield>
			<subfield code="x">Historia y crítica</subfield>
			<subfield code="2">embne</subfield>
		</datafield>
		<datafield tag="856" ind1="4" ind2="1">
			<subfield code="u">http://bdh-rd.bne.es/viewer.vm?id=0000045555&amp;page=1</subfield>
			<subfield code="y">Biblioteca Digital Hispánica</subfield>
		</datafield>
		<datafield tag="956" ind1=" " ind2=" ">
			<subfield code="a">1</subfield>
		</datafield>
		<datafield tag="980" ind1=" " ind2=" ">
			<subfield code=".">541.   </subfield>
			<subfield code="c">Adquirido a</subfield>
			<subfield code="a">Librería Filobiblión</subfield>
			<subfield code="b">Madrid</subfield>
			<subfield code=".">563.   </subfield>
			<subfield code="a">Rústica</subfield>
			<subfield code=".">583.   </subfield>
			<subfield code="a">En caja de conservación</subfield>
			<subfield code="l">Papel ácido</subfield>
			<subfield code=".">852. 40</subfield>
			<subfield code="a">SpMaBN</subfield>
			<subfield code="b">BNMADRID</subfield>
			<subfield code="9">MO03078268</subfield>
			<subfield code="j">1/248184</subfield>
			<subfield code="z">Dedicatoria del autor a Manuel Castro</subfield>
			<subfield code="x">DG</subfield>
			<subfield code="c">SG_RECOLET</subfield>
		</datafield>
		<datafield tag="980" ind1=" " ind2=" ">
			<subfield code=".">563.   </subfield>
			<subfield code="a">Holandesa, conservando la cubierta original</subfield>
			<subfield code=".">583.   </subfield>
			<subfield code="l">Papel ácido</subfield>
			<subfield code=".">852. 40</subfield>
			<subfield code="a">SpMaBN</subfield>
			<subfield code="b">BNMADRID</subfield>
			<subfield code="9">MO00025889</subfield>
			<subfield code="j">1/58087</subfield>
			<subfield code="x">I006014</subfield>
			<subfield code="c">SG_RECOLET</subfield>
		</datafield>
		<datafield tag="980" ind1=" " ind2=" ">
			<subfield code=".">563.   </subfield>
			<subfield code="a">Holandesa, conservando la cubierta original</subfield>
			<subfield code=".">583.   </subfield>
			<subfield code="l">Papel ácido</subfield>
			<subfield code=".">852. 40</subfield>
			<subfield code="a">SpMaBN</subfield>
			<subfield code="b">BNMADRID</subfield>
			<subfield code="9">MO00024749</subfield>
			<subfield code="j">1/56824</subfield>
			<subfield code="z">Firma del autor</subfield>
			<subfield code="x">DG</subfield>
			<subfield code="x">I006013 </subfield>
			<subfield code="c">SG_RECOLET</subfield>
		</datafield>
		<datafield tag="980" ind1=" " ind2=" ">
			<subfield code=".">561.   </subfield>
			<subfield code="a">COMÍN COLOMER: Eduardo Comín Colomer</subfield>
			<subfield code=".">563.   </subfield>
			<subfield code="a">Holandesa, conservando la cubierta original</subfield>
			<subfield code=".">583.   </subfield>
			<subfield code="a">En caja de conservación</subfield>
			<subfield code="l">Papel ácido</subfield>
			<subfield code=".">852. 40</subfield>
			<subfield code="a">M-BN</subfield>
			<subfield code="b">BNMADRID</subfield>
			<subfield code="9">MO00689856</subfield>
			<subfield code="j">3/90819</subfield>
			<subfield code="z">Sello: “Comín, Biblioteca Nacional, Madrid, 1975”</subfield>
			<subfield code="x">I006015</subfield>
			<subfield code="c">SG_RECOLET</subfield>
		</datafield>
		<datafield tag="899" ind1=" " ind2=" ">
			<subfield code="j">1/56824</subfield>
			<subfield code="x">DIG XIX</subfield>
		</datafield>
	</record>