
	<record>
		<leader>01160ckm a22003133i 4500</leader>
		<controlfield tag="001">a4807789</controlfield>
		<controlfield tag="005">20140226        </controlfield>
		<controlfield tag="007">kh*bob</controlfield>
		<controlfield tag="008">100519m19251935sp o          |||0knspas a</controlfield>
		<datafield tag="035" ind1=" " ind2=" ">
			<subfield code="a">(OCoLC)776446340</subfield>
		</datafield>
		<datafield tag="040" ind1=" " ind2=" ">
			<subfield code="a">SpMaBN</subfield>
			<subfield code="b">spa</subfield>
			<subfield code="c">SpMaBN</subfield>
			<subfield code="e">rdc</subfield>
		</datafield>
		<datafield tag="100" ind1=" " ind2=" ">
			<subfield code="a">Lagos</subfield>
			<subfield code="d">1897-1995</subfield>
		</datafield>
		<datafield tag="245" ind1="1" ind2="0">
			<subfield code="a">Benjamín Jarnés</subfield>
			<subfield code="h">[Material gráfico]</subfield>
		</datafield>
		<datafield tag="260" ind1=" " ind2=" ">
			<subfield code="c">ca. 1925-1935</subfield>
		</datafield>
		<datafield tag="300" ind1=" " ind2=" ">
			<subfield code="a">1 fotografía</subfield>
			<subfield code="b">papel gelatina</subfield>
			<subfield code="c">119x87 mm</subfield>
		</datafield>
		<datafield tag="490" ind1="1" ind2=" ">
			<subfield code="a">[Colección Lagos. Fotografía]</subfield>
		</datafield>
		<datafield tag="530" ind1=" " ind2=" ">
			<subfield code="a">Existe negativo de época</subfield>
		</datafield>
		<datafield tag="597" ind1=" " ind2=" ">
			<subfield code="a">Formato adscrito: 9x12</subfield>
		</datafield>
		<datafield tag="600" ind1="1" ind2="7">
			<subfield code="a">Jarnés, Benjamín</subfield>
			<subfield code="d">1888-1949</subfield>
			<subfield code="2">embne</subfield>
		</datafield>
		<datafield tag="650" ind1=" " ind2="7">
			<subfield code="a">Escritores españoles</subfield>
			<subfield code="y">S.XX</subfield>
			<subfield code="x">Retratos</subfield>
			<subfield code="2">embne</subfield>
		</datafield>
		<datafield tag="655" ind1=" " ind2="7">
			<subfield code="a">Retratos fotográficos</subfield>
			<subfield code="2">tgfbne</subfield>
		</datafield>
		<datafield tag="655" ind1=" " ind2="4">
			<subfield code="a">Papel gelatina baritado</subfield>
		</datafield>
		<datafield tag="776" ind1="0" ind2="8">
			<subfield code="i">Negativo en nitrato de celulosa</subfield>
			<subfield code="t">Benjamín Jarnés</subfield>
			<subfield code="w">a4807088</subfield>
		</datafield>
		<datafield tag="830" ind1=" " ind2="0">
			<subfield code="a">Fondo Lagos</subfield>
			<subfield code="p">Fotografías</subfield>
		</datafield>
		<datafield tag="856" ind1="4" ind2="1">
			<subfield code="u">http://bdh-rd.bne.es/viewer.vm?id=0000027385</subfield>
			<subfield code="y">Biblioteca Digital Hispánica</subfield>
		</datafield>
		<datafield tag="956" ind1=" " ind2=" ">
			<subfield code="a">1</subfield>
		</datafield>
		<datafield tag="980" ind1=" " ind2=" ">
			<subfield code=".">852. 40</subfield>
			<subfield code="a">SpMaBN</subfield>
			<subfield code="b">BNMADRID</subfield>
			<subfield code="j">LAGOS/LF2/001d</subfield>
			<subfield code="x">BA</subfield>
			<subfield code="c">SALA_GOYA</subfield>
			<subfield code=".">541.   </subfield>
			<subfield code="c">Compra a</subfield>
			<subfield code="a">Mariano Lagos Carsi</subfield>
			<subfield code="d">1992</subfield>
		</datafield>
		<datafield tag="899" ind1=" " ind2=" ">
			<subfield code="j">LAGOS/LF2/001d</subfield>
			<subfield code="x">dig77ddig</subfield>
		</datafield>
		<datafield tag="899" ind1=" " ind2=" ">
			<subfield code="j">LAGOS/LF2/001d</subfield>
			<subfield code="x">dig Lagos</subfield>
		</datafield>
	</record>