
	<record>
		<leader>01397ncm a2200313   4500</leader>
		<controlfield tag="001">bipa0000177444</controlfield>
		<controlfield tag="005">20140227        </controlfield>
		<controlfield tag="007">qu</controlfield>
		<controlfield tag="008">040128q1913    sp tld         nn   spa  </controlfield>
		<datafield tag="015" ind1=" " ind2=" ">
			<subfield code="a">CCIM</subfield>
			<subfield code="a">PAR5</subfield>
		</datafield>
		<datafield tag="016" ind1="7" ind2=" ">
			<subfield code="a">bipaBNE20040005139</subfield>
			<subfield code="2">SpMaBN</subfield>
		</datafield>
		<datafield tag="028" ind1="2" ind2="1">
			<subfield code="a">F.F. 1402</subfield>
		</datafield>
		<datafield tag="035" ind1=" " ind2=" ">
			<subfield code="a">(OCoLC)435932412</subfield>
		</datafield>
		<datafield tag="040" ind1=" " ind2=" ">
			<subfield code="a">SpMaBN</subfield>
			<subfield code="b">spa</subfield>
			<subfield code="c">SpMaBN</subfield>
			<subfield code="e">rdc</subfield>
		</datafield>
		<datafield tag="084" ind1=" " ind2=" ">
			<subfield code="a">5</subfield>
			<subfield code="2">MU</subfield>
		</datafield>
		<datafield tag="100" ind1="1" ind2=" ">
			<subfield code="a">Chueca, Federico</subfield>
			<subfield code="d">1846-1908</subfield>
		</datafield>
		<datafield tag="240" ind1="1" ind2="4">
			<subfield code="a">Las mocitas del barrio.</subfield>
			<subfield code="n">N. 3,</subfield>
			<subfield code="p">En la calle de Toledo</subfield>
			<subfield code="s">. Partitura vocal</subfield>
		</datafield>
		<datafield tag="245" ind1="1" ind2="4">
			<subfield code="a">Las mocitas del barrio</subfield>
			<subfield code="n">N. 3</subfield>
			<subfield code="p">Dúo de Milagros y Luis</subfield>
			<subfield code="h">[Música notada]</subfield>
			<subfield code="b"> : sainete lírico</subfield>
		</datafield>
		<datafield tag="260" ind1="0" ind2=" ">
			<subfield code="a">Madrid</subfield>
			<subfield code="b">Faustino Fuentes</subfield>
			<subfield code="c">[ca. 1913]</subfield>
		</datafield>
		<datafield tag="300" ind1=" " ind2=" ">
			<subfield code="a">1 partitura vocal (6 p.)</subfield>
			<subfield code="c">34 cm</subfield>
		</datafield>
		<datafield tag="594" ind1=" " ind2=" ">
			<subfield code="a">Obra póstuma</subfield>
		</datafield>
		<datafield tag="596" ind1=" " ind2=" ">
			<subfield code="a">Fecha de publicación basada en el Dic. de la música española e hispanoamericana, 2001</subfield>
		</datafield>
		<datafield tag="650" ind1=" " ind2="7">
			<subfield code="a">Sainetes líricos</subfield>
			<subfield code="x">Fragmentos</subfield>
			<subfield code="v">Partituras vocales</subfield>
			<subfield code="2">embne</subfield>
		</datafield>
		<datafield tag="700" ind1="1" ind2=" ">
			<subfield code="a">Casero, Antonio</subfield>
			<subfield code="d">1874-1936</subfield>
		</datafield>
		<datafield tag="700" ind1="1" ind2=" ">
			<subfield code="a">Larrubiera, Alejandro</subfield>
			<subfield code="d">1869-1937</subfield>
		</datafield>
		<datafield tag="856" ind1="4" ind2="1">
			<subfield code="u">http://bdh-rd.bne.es/viewer.vm?id=0000087498&amp;page=1</subfield>
			<subfield code="y">Biblioteca Digital Hispánica</subfield>
		</datafield>
		<datafield tag="899" ind1=" " ind2=" ">
			<subfield code="j">MP/3127/54</subfield>
			<subfield code="x">dig78dig</subfield>
		</datafield>
		<datafield tag="956" ind1=" " ind2=" ">
			<subfield code="a">1</subfield>
		</datafield>
		<datafield tag="980" ind1=" " ind2=" ">
			<subfield code=".">852. 40</subfield>
			<subfield code="a">M-BN</subfield>
			<subfield code="b">BNMADRID</subfield>
			<subfield code="9">PA00091969</subfield>
			<subfield code="j">Mp/3127/54</subfield>
			<subfield code="u">Sello del editor: &quot;Faustino Fuentes, sucesor de Fuentes y Asenjo, música, pianos y librería, 20, Arenal, 20, Madrid&quot;</subfield>
			<subfield code="q">Ejemplar deteriorado; P 1. suelta</subfield>
			<subfield code="q">Ejemplar sin cubierta</subfield>
			<subfield code="x">MU </subfield>
			<subfield code="c">SALA_BARBI</subfield>
		</datafield>
	</record>