
	<record>
		<leader>01815ncm a2200313   4500</leader>
		<controlfield tag="001">bipa0000181112</controlfield>
		<controlfield tag="005">20140227        </controlfield>
		<controlfield tag="008">040123s1911    sp tld         nn   spa  </controlfield>
		<datafield tag="015" ind1=" " ind2=" ">
			<subfield code="a">CCIM</subfield>
			<subfield code="a">PAR5</subfield>
		</datafield>
		<datafield tag="016" ind1="7" ind2=" ">
			<subfield code="a">bipaBNE20040004059</subfield>
			<subfield code="2">SpMaBN</subfield>
		</datafield>
		<datafield tag="028" ind1="2" ind2="1">
			<subfield code="a">41648, 41649, 41650</subfield>
		</datafield>
		<datafield tag="035" ind1=" " ind2=" ">
			<subfield code="a">(OCoLC)435935857</subfield>
		</datafield>
		<datafield tag="040" ind1=" " ind2=" ">
			<subfield code="a">SpMaBN</subfield>
			<subfield code="b">spa</subfield>
			<subfield code="c">SpMaBN</subfield>
			<subfield code="e">rdc</subfield>
		</datafield>
		<datafield tag="084" ind1=" " ind2=" ">
			<subfield code="a">5</subfield>
			<subfield code="2">MU</subfield>
		</datafield>
		<datafield tag="100" ind1="1" ind2="0">
			<subfield code="a">Calleja, Rafael</subfield>
			<subfield code="d">1870-1938</subfield>
		</datafield>
		<datafield tag="240" ind1="1" ind2="4">
			<subfield code="a">Los holgazanes</subfield>
			<subfield code="s">. Partitura vocal</subfield>
		</datafield>
		<datafield tag="245" ind1="1" ind2="4">
			<subfield code="a">Los holgazanes</subfield>
			<subfield code="h">[Música notada]</subfield>
			<subfield code="b"> : sainete en prosa</subfield>
			<subfield code="c">letra de los Sres. Casero y Larrubiera ; música del Mtro. R. Calleja</subfield>
		</datafield>
		<datafield tag="260" ind1="0" ind2=" ">
			<subfield code="a">Madrid [etc.]</subfield>
			<subfield code="b">Sociedad Anónima Casa Dotésio</subfield>
			<subfield code="a">Paris [etc.]</subfield>
			<subfield code="b">L.E. Dotésio</subfield>
			<subfield code="c">cop. 1911</subfield>
		</datafield>
		<datafield tag="300" ind1=" " ind2=" ">
			<subfield code="a">1 partitura vocal (26 p.)</subfield>
			<subfield code="c">32 cm</subfield>
		</datafield>
		<datafield tag="500" ind1=" " ind2=" ">
			<subfield code="a">Incluye cuatro muestras de las obras: La gitanette, Danse de la banana, Mi sultana, Tchi-qui-tchi, editadas por Casa Dotésio</subfield>
		</datafield>
		<datafield tag="505" ind1="1" ind2=" ">
			<subfield code="a">Nº 1, &quot;La, la, la, la&quot;.- 9 p.- N. pl.: 41648 ; Nº 2, Pasa-calle, jota y serenata, &quot;Al compás de las notas alegres&quot;.- 12 p.- N. pl.: 41649 ; Nº 3, Farruca, &quot;Tran, tran, tran&quot;.- 5 p.- N. pl.: 41650</subfield>
		</datafield>
		<datafield tag="597" ind1=" " ind2=" ">
			<subfield code="a">Con doble secuencia de paginación independiente</subfield>
		</datafield>
		<datafield tag="650" ind1=" " ind2="7">
			<subfield code="a">Sainetes líricos</subfield>
			<subfield code="v">Partituras vocales</subfield>
			<subfield code="2">embne</subfield>
		</datafield>
		<datafield tag="700" ind1="1" ind2="1">
			<subfield code="a">Casero, Antonio</subfield>
			<subfield code="d">1874-1936</subfield>
		</datafield>
		<datafield tag="700" ind1="1" ind2="1">
			<subfield code="a">Larrubiera, Alejandro</subfield>
			<subfield code="d">1869-1937</subfield>
		</datafield>
		<datafield tag="856" ind1="4" ind2="1">
			<subfield code="u">http://bdh-rd.bne.es/viewer.vm?id=0000087436&amp;page=1</subfield>
			<subfield code="y">Biblioteca Digital Hispánica</subfield>
		</datafield>
		<datafield tag="899" ind1=" " ind2=" ">
			<subfield code="j">MP/3126/23</subfield>
			<subfield code="x">dig78dig</subfield>
		</datafield>
		<datafield tag="956" ind1=" " ind2=" ">
			<subfield code="a">1</subfield>
		</datafield>
		<datafield tag="980" ind1=" " ind2=" ">
			<subfield code=".">852. 40</subfield>
			<subfield code="a">M-BN</subfield>
			<subfield code="b">BNMADRID</subfield>
			<subfield code="9">PA01184082</subfield>
			<subfield code="j">Mp/3126/23</subfield>
			<subfield code="u">Sello gofrado del editor: &quot;Sociedad Anónima Casa Dotésio&quot;</subfield>
			<subfield code="u">Sello del editor: &quot;Fuentes y Asenjo, música, pianos y librería, 20 Arenal 20, Madrid&quot;</subfield>
			<subfield code="u">Sello del editor: &quot;Casa Dotesio, editorial de música, Preciados 5, Madrid</subfield>
			<subfield code="u">Sello con la firma de R. Calleja</subfield>
			<subfield code="q">Ejemplar deteriorado</subfield>
			<subfield code="x">MU</subfield>
			<subfield code="c">SALA_BARBI</subfield>
		</datafield>
	</record>