
	<record>
		<leader>01432nam a2200265   4500</leader>
		<controlfield tag="001">bimo0001296099</controlfield>
		<controlfield tag="005">20140226        </controlfield>
		<controlfield tag="008">960722s1906    sp     | |||| 000 p spa  </controlfield>
		<datafield tag="016" ind1="7" ind2=" ">
			<subfield code="a">bimoBNE19995512003</subfield>
			<subfield code="z">IND9600695159</subfield>
			<subfield code="2">SpMaBN</subfield>
		</datafield>
		<datafield tag="035" ind1=" " ind2=" ">
			<subfield code="a">(OCoLC)776484948</subfield>
		</datafield>
		<datafield tag="040" ind1=" " ind2=" ">
			<subfield code="a">SpMaBN</subfield>
			<subfield code="b">spa</subfield>
			<subfield code="c">CDM</subfield>
			<subfield code="d">SpMaBN</subfield>
		</datafield>
		<datafield tag="080" ind1=" " ind2=" ">
			<subfield code="a">929 Pérez de Guzmán y Gallo, Juan</subfield>
		</datafield>
		<datafield tag="080" ind1=" " ind2=" ">
			<subfield code="a">821.134.2-14&quot;18&quot;</subfield>
		</datafield>
		<datafield tag="100" ind1="1" ind2=" ">
			<subfield code="a">Pérez de Guzmán y Gallo, Juan</subfield>
			<subfield code="d">1841-1928</subfield>
		</datafield>
		<datafield tag="245" ind1="1" ind2="0">
			<subfield code="a">Versos de varia edad</subfield>
			<subfield code="h">[Texto impreso]</subfield>
			<subfield code="c">por Juan Pérez de Guzmán y Gallo ; precedidos de una noticia biográfica del autor por Alejandro Larrubiera</subfield>
		</datafield>
		<datafield tag="260" ind1=" " ind2=" ">
			<subfield code="a">[S.l.]</subfield>
			<subfield code="b">[s.n.]</subfield>
			<subfield code="c">1906</subfield>
			<subfield code="e">Madrid</subfield>
			<subfield code="f">Imp. de Fortanet</subfield>
		</datafield>
		<datafield tag="300" ind1=" " ind2=" ">
			<subfield code="a">470 p., [2] h. de lám.</subfield>
			<subfield code="b">il.</subfield>
			<subfield code="c">19 cm</subfield>
		</datafield>
		<datafield tag="600" ind1="1" ind2="7">
			<subfield code="a">Pérez de Guzmán y Gallo, Juan</subfield>
			<subfield code="d">1841-1928</subfield>
			<subfield code="2">embne</subfield>
		</datafield>
		<datafield tag="700" ind1="1" ind2=" ">
			<subfield code="a">Larrubiera, Alejandro</subfield>
			<subfield code="d">1869-1937</subfield>
		</datafield>
		<datafield tag="856" ind1="4" ind2="1">
			<subfield code="u">http://bdh-rd.bne.es/viewer.vm?id=0000121544&amp;page=1</subfield>
			<subfield code="y">Biblioteca Digital Hispánica</subfield>
		</datafield>
		<datafield tag="956" ind1=" " ind2=" ">
			<subfield code="a">1</subfield>
		</datafield>
		<datafield tag="980" ind1=" " ind2=" ">
			<subfield code=".">563.   </subfield>
			<subfield code="a">Pasta, conservando la cubierta original</subfield>
			<subfield code=".">583.   </subfield>
			<subfield code="l">Papel ácido</subfield>
			<subfield code="l">Hojas sueltas</subfield>
			<subfield code=".">852. 40</subfield>
			<subfield code="a">M-BN</subfield>
			<subfield code="b">BNMADRID</subfield>
			<subfield code="9">MO00010847</subfield>
			<subfield code="j">1/18973</subfield>
			<subfield code="z">Dedicatoria del autor a la Biblioteca Nacional de Madrid</subfield>
			<subfield code="x">P056929</subfield>
			<subfield code="c">SG_RECOLET</subfield>
		</datafield>
		<datafield tag="980" ind1=" " ind2=" ">
			<subfield code=".">563.   </subfield>
			<subfield code="a">Holandesa, conservando la cubierta original</subfield>
			<subfield code=".">583.   </subfield>
			<subfield code="l">Papel ácido</subfield>
			<subfield code=".">852. 40</subfield>
			<subfield code="a">M-BN</subfield>
			<subfield code="b">BNMADRID</subfield>
			<subfield code="j">7/18693</subfield>
			<subfield code="z">Etiqueta: &quot;A 21 41&quot;</subfield>
			<subfield code="z">Dedicatoria del autor a Antonio Sánchez Moguel</subfield>
			<subfield code="x">P056930</subfield>
			<subfield code="c">SG_RECOLET</subfield>
		</datafield>
		<datafield tag="899" ind1=" " ind2=" ">
			<subfield code="j">7/18693</subfield>
			<subfield code="x">DIG XIX</subfield>
		</datafield>
		<datafield tag="899" ind1=" " ind2=" ">
			<subfield code="x">dig821(460)dig</subfield>
		</datafield>
	</record>