
	<record>
		<leader>01715ncm a22003371  4500</leader>
		<controlfield tag="001">bipa0000067423</controlfield>
		<controlfield tag="005">20140227        </controlfield>
		<controlfield tag="008">011112s1890    sp tlc //      n    spa/ </controlfield>
		<datafield tag="015" ind1=" " ind2=" ">
			<subfield code="a">TLp</subfield>
			<subfield code="a">CCIM</subfield>
		</datafield>
		<datafield tag="016" ind1="7" ind2=" ">
			<subfield code="a">bipaBNE20030081896</subfield>
			<subfield code="z">PARBI01005108</subfield>
			<subfield code="2">SpMaBN</subfield>
		</datafield>
		<datafield tag="028" ind1="2" ind2="1">
			<subfield code="a">Z 3194 Z, Z 3195 Z y Z 3196 Z</subfield>
		</datafield>
		<datafield tag="035" ind1=" " ind2=" ">
			<subfield code="a">(OCoLC)435772353</subfield>
		</datafield>
		<datafield tag="040" ind1=" " ind2=" ">
			<subfield code="a">SpMaBN</subfield>
			<subfield code="b">spa</subfield>
			<subfield code="c">SpMaBN</subfield>
			<subfield code="e">rdc</subfield>
		</datafield>
		<datafield tag="084" ind1=" " ind2=" ">
			<subfield code="a">5</subfield>
		</datafield>
		<datafield tag="100" ind1="1" ind2=" ">
			<subfield code="a">San José, Teodoro</subfield>
			<subfield code="d">1866-1930</subfield>
		</datafield>
		<datafield tag="240" ind1="1" ind2="0">
			<subfield code="a">Uno y repique</subfield>
			<subfield code="s">. Partitura vocal</subfield>
		</datafield>
		<datafield tag="245" ind1="1" ind2="0">
			<subfield code="a">Uno y repique</subfield>
			<subfield code="h">[Música notada]</subfield>
			<subfield code="b"> : sainete en un acto</subfield>
			<subfield code="c">letra de los Sres. E. Sainz [sic] Hermúa y A. Larrubiera ; música del maestro T. San José</subfield>
		</datafield>
		<datafield tag="260" ind1="0" ind2=" ">
			<subfield code="a">Madrid</subfield>
			<subfield code="b">Zozaya</subfield>
			<subfield code="c">[1890]</subfield>
			<subfield code="e">Madrid</subfield>
			<subfield code="f">F. Echevarría</subfield>
		</datafield>
		<datafield tag="300" ind1=" " ind2=" ">
			<subfield code="a">1 partitura vocal (26 p.)</subfield>
			<subfield code="c">35 cm</subfield>
		</datafield>
		<datafield tag="500" ind1=" " ind2=" ">
			<subfield code="a">Portada ilustrada</subfield>
		</datafield>
		<datafield tag="500" ind1=" " ind2=" ">
			<subfield code="a">Con doble secuencia de paginación</subfield>
		</datafield>
		<datafield tag="500" ind1=" " ind2=" ">
			<subfield code="a">En la última página, relación de los números de la obra.</subfield>
		</datafield>
		<datafield tag="505" ind1="0" ind2=" ">
			<subfield code="a">N. 1, Introducción y dúo de los porteros, &quot;Duerme, cariño&quot;.- 14 p.- N. pl.: Z 3194 Z ; N. 2, Canción de Angelito, &quot;Ando con cien ojos&quot;.- 6 p.- N. pl.: Z 3194 Z ; N. 3, Dúo de Manolo y Joaquín, &quot;Buena merluza tiene Manuel&quot;.- 5 p.- N. pl.: Z 3196 Z ; N. 4, Final.- 1 p.- N. pl.: Z 3197 Z</subfield>
		</datafield>
		<datafield tag="596" ind1=" " ind2=" ">
			<subfield code="a">Fecha de publicación tomada de La edición musical española hasta 1936, 1995</subfield>
		</datafield>
		<datafield tag="650" ind1=" " ind2="7">
			<subfield code="a">Sainetes líricos</subfield>
			<subfield code="v">Partituras vocales</subfield>
			<subfield code="2">embne</subfield>
		</datafield>
		<datafield tag="700" ind1="1" ind2=" ">
			<subfield code="a">Larrubiera, Alejandro</subfield>
			<subfield code="d">1869-1937</subfield>
		</datafield>
		<datafield tag="700" ind1="1" ind2="1">
			<subfield code="a">Sáenz Hermúa, Eduardo</subfield>
			<subfield code="d">1859-1898</subfield>
		</datafield>
		<datafield tag="856" ind1="4" ind2="1">
			<subfield code="u">http://bdh-rd.bne.es/viewer.vm?id=0000047171&amp;page=1</subfield>
			<subfield code="y">Biblioteca Digital Hispánica</subfield>
		</datafield>
		<datafield tag="899" ind1=" " ind2=" ">
			<subfield code="j">MP/1271/9</subfield>
			<subfield code="x">dig78dig</subfield>
		</datafield>
		<datafield tag="956" ind1=" " ind2=" ">
			<subfield code="a">1</subfield>
		</datafield>
		<datafield tag="980" ind1=" " ind2=" ">
			<subfield code=".">561.   </subfield>
			<subfield code="a">Reg. Prop. Intel.</subfield>
			<subfield code=".">852. 40</subfield>
			<subfield code="a">M-BN</subfield>
			<subfield code="b">BNMADRID</subfield>
			<subfield code="9">PA00792853</subfield>
			<subfield code="j">Mp/1271/9</subfield>
			<subfield code="x">MU</subfield>
			<subfield code="c">SALA_BARBI</subfield>
		</datafield>
	</record>