
	<record>
		<leader>01136ndm a2200301   4500</leader>
		<controlfield tag="001">bipa0000001766</controlfield>
		<controlfield tag="005">20140224        </controlfield>
		<controlfield tag="008">970805s1908       tla //      n    spa/ </controlfield>
		<datafield tag="015" ind1=" " ind2=" ">
			<subfield code="a">CCIM</subfield>
			<subfield code="a">PAR5</subfield>
		</datafield>
		<datafield tag="016" ind1="7" ind2=" ">
			<subfield code="a">bipaBNE19970004734</subfield>
			<subfield code="2">SpMaBN</subfield>
		</datafield>
		<datafield tag="035" ind1=" " ind2=" ">
			<subfield code="a">(OCoLC)435859580</subfield>
		</datafield>
		<datafield tag="040" ind1=" " ind2=" ">
			<subfield code="a">SpMaBN</subfield>
			<subfield code="b">spa</subfield>
			<subfield code="c">SpMaBN</subfield>
			<subfield code="e">rdc</subfield>
		</datafield>
		<datafield tag="084" ind1=" " ind2=" ">
			<subfield code="a">5</subfield>
		</datafield>
		<datafield tag="100" ind1="1" ind2=" ">
			<subfield code="a">Chapí, Ruperto</subfield>
			<subfield code="d">1851-1909</subfield>
		</datafield>
		<datafield tag="240" ind1="1" ind2="3">
			<subfield code="a">La magia de la vida (Manuscrito original)</subfield>
		</datafield>
		<datafield tag="245" ind1="1" ind2="3">
			<subfield code="a">La magia de la vida</subfield>
			<subfield code="b">: zarzuela en 1 acto y 3 cuadros</subfield>
			<subfield code="c">letra de M. Linares Rivas ; música de R. Chapí</subfield>
			<subfield code="h">[Música notada]</subfield>
		</datafield>
		<datafield tag="254" ind1=" " ind2=" ">
			<subfield code="a">Partitura de orquesta original</subfield>
		</datafield>
		<datafield tag="260" ind1="0" ind2=" ">
			<subfield code="c">1908</subfield>
		</datafield>
		<datafield tag="300" ind1=" " ind2=" ">
			<subfield code="a">1 partitura [84] h.</subfield>
			<subfield code="c">40 x 30 cm</subfield>
		</datafield>
		<datafield tag="500" ind1=" " ind2=" ">
			<subfield code="a">Al final de la obra &quot;Fuenterrabía 14 de Sbre. de 1.908 y firma del autor</subfield>
		</datafield>
		<datafield tag="561" ind1=" " ind2=" ">
			<subfield code="a">Procede del Archivo Chapí</subfield>
		</datafield>
		<datafield tag="650" ind1=" " ind2="7">
			<subfield code="a">Zarzuelas</subfield>
			<subfield code="v">Partituras</subfield>
			<subfield code="v">Manuscritos</subfield>
			<subfield code="2">embne</subfield>
		</datafield>
		<datafield tag="700" ind1="1" ind2=" ">
			<subfield code="a">Linares Rivas, Manuel</subfield>
		</datafield>
		<datafield tag="856" ind1="4" ind2="1">
			<subfield code="u">http://bdh-rd.bne.es/viewer.vm?id=0000013025&amp;page=1</subfield>
			<subfield code="y">Biblioteca Digital Hispánica</subfield>
		</datafield>
		<datafield tag="899" ind1=" " ind2=" ">
			<subfield code="j">M.CHAPÍ/75</subfield>
			<subfield code="x">dig78dig</subfield>
		</datafield>
		<datafield tag="899" ind1=" " ind2=" ">
			<subfield code="j">M.CHAPÍ/75</subfield>
			<subfield code="x">digColordig</subfield>
		</datafield>
		<datafield tag="956" ind1=" " ind2=" ">
			<subfield code="a">1</subfield>
		</datafield>
		<datafield tag="980" ind1=" " ind2=" ">
			<subfield code=".">852. 40</subfield>
			<subfield code="a">M-BN</subfield>
			<subfield code="9">PA00037807</subfield>
			<subfield code="x">MU</subfield>
			<subfield code="j">M.Chapí/75</subfield>
		</datafield>
	</record>