
	<record>
		<leader>01998nas a2200397 i 4500</leader>
		<controlfield tag="001">Mise0000149305</controlfield>
		<controlfield tag="005">20140304        </controlfield>
		<controlfield tag="007">ta</controlfield>
		<controlfield tag="008">970131d19011920sp fr p    _  0uuub0spa  </controlfield>
		<datafield tag="010" ind1=" " ind2=" ">
			<subfield code="a">n</subfield>
			<subfield code="b">0</subfield>
			<subfield code="c">20100604</subfield>
			<subfield code="o">s</subfield>
		</datafield>
		<datafield tag="016" ind1="7" ind2=" ">
			<subfield code="a">biseBNE19970004767</subfield>
			<subfield code="2">SpMaBN</subfield>
		</datafield>
		<datafield tag="022" ind1="0" ind2=" ">
			<subfield code="a">2171-0384</subfield>
			<subfield code="2">_u</subfield>
			<subfield code="y">9955-6650</subfield>
		</datafield>
		<datafield tag="035" ind1=" " ind2=" ">
			<subfield code="a">(OCoLC)733282567</subfield>
		</datafield>
		<datafield tag="040" ind1=" " ind2=" ">
			<subfield code="a">SpMaBN</subfield>
			<subfield code="b">spa</subfield>
			<subfield code="c">SpMaBN</subfield>
			<subfield code="e">rdc</subfield>
		</datafield>
		<datafield tag="080" ind1=" " ind2="0">
			<subfield code="a">008</subfield>
		</datafield>
		<datafield tag="130" ind1="3" ind2="0">
			<subfield code="a">La Lectura (Madrid)</subfield>
		</datafield>
		<datafield tag="210" ind1="0" ind2=" ">
			<subfield code="a">Lectura</subfield>
			<subfield code="b">Madr.</subfield>
		</datafield>
		<datafield tag="222" ind1=" " ind2="3">
			<subfield code="a">La Lectura</subfield>
			<subfield code="b">Madrid</subfield>
		</datafield>
		<datafield tag="245" ind1="0" ind2="3">
			<subfield code="a">La Lectura</subfield>
			<subfield code="h">[Texto impreso] :</subfield>
			<subfield code="b">revista de ciencias y artes</subfield>
		</datafield>
		<datafield tag="246" ind1="3" ind2=" ">
			<subfield code="a">Lectvra</subfield>
		</datafield>
		<datafield tag="260" ind1=" " ind2=" ">
			<subfield code="a">Madrid</subfield>
			<subfield code="b">[La Lectura]</subfield>
			<subfield code="c">1901-1920</subfield>
			<subfield code="f">Tip. de la Viuda e Hijos de M. Tello</subfield>
		</datafield>
		<datafield tag="300" ind1=" " ind2=" ">
			<subfield code="a">   v.</subfield>
			<subfield code="c">24 cm</subfield>
		</datafield>
		<datafield tag="310" ind1=" " ind2=" ">
			<subfield code="a">3 t. al año</subfield>
			<subfield code="b">1902-1920</subfield>
		</datafield>
		<datafield tag="321" ind1=" " ind2=" ">
			<subfield code="a">2 t. al año</subfield>
			<subfield code="b">1901</subfield>
		</datafield>
		<datafield tag="362" ind1="0" ind2=" ">
			<subfield code="a">N. 1 (en. 1901)-año 20, n. 237 (sept. 1920)</subfield>
		</datafield>
		<datafield tag="500" ind1=" " ind2=" ">
			<subfield code="a">Director, Francisco Acebal</subfield>
		</datafield>
		<datafield tag="650" ind1=" " ind2="7">
			<subfield code="a">Cultura</subfield>
			<subfield code="2">embne</subfield>
		</datafield>
		<datafield tag="700" ind1="1" ind2=" ">
			<subfield code="a">Acebal, Francisco</subfield>
			<subfield code="d">1866-1933</subfield>
		</datafield>
		<datafield tag="780" ind1="0" ind2="5">
			<subfield code="w">biseBNE19970133287</subfield>
			<subfield code="t">Renacimiento (Madrid. 1907)</subfield>
			<subfield code="x">2171-0473</subfield>
		</datafield>
		<datafield tag="856" ind1="4" ind2="1">
			<subfield code="u">http://hemerotecadigital.bne.es/issn/2171-0384</subfield>
			<subfield code="y">Hemeroteca Digital</subfield>
		</datafield>
		<datafield tag="956" ind1=" " ind2=" ">
			<subfield code="a">1 2</subfield>
		</datafield>
		<datafield tag="980" ind1=" " ind2=" ">
			<subfield code=".">843.   </subfield>
			<subfield code="3">1901,1903-1908</subfield>
			<subfield code="a">Microfilme</subfield>
			<subfield code="b">Madrid</subfield>
			<subfield code="c">Backup</subfield>
			<subfield code="d">2010</subfield>
			<subfield code="d">9 carretes de microfilme (2519 fotogramas); 35 mm</subfield>
			<subfield code=".">852. 41</subfield>
			<subfield code="a">M-BN</subfield>
			<subfield code="b">PS</subfield>
			<subfield code="c">SALA_SPR</subfield>
			<subfield code="j">REVmicro/2365&lt;1&gt;-REVmicro/2365&lt;9&gt;</subfield>
			<subfield code="z">Reproducción de ZR/568</subfield>
		</datafield>
		<datafield tag="980" ind1=" " ind2=" ">
			<subfield code=".">843.   </subfield>
			<subfield code="3">1901-1920</subfield>
			<subfield code="a">DVD (TIFF)</subfield>
			<subfield code="b">Madrid</subfield>
			<subfield code="c">Tecnodoc</subfield>
			<subfield code="d">2006</subfield>
			<subfield code="e">1 disco compacto y 1 disco de OCR, 12 cm</subfield>
			<subfield code=".">852. 41</subfield>
			<subfield code="a">M-BN</subfield>
			<subfield code="b">PS</subfield>
			<subfield code="c">CONSERVACI</subfield>
			<subfield code="j">AHSMdig/426&lt;1&gt;</subfield>
		</datafield>
		<datafield tag="980" ind1=" " ind2=" ">
			<subfield code=".">852. 40</subfield>
			<subfield code="a">M-BN</subfield>
			<subfield code="b">BNALCALA</subfield>
			<subfield code="j">AHS/19166</subfield>
			<subfield code="x">AH</subfield>
			<subfield code="c">CONSERVACI</subfield>
			<subfield code=".">853. 03</subfield>
			<subfield code="8">001</subfield>
			<subfield code="a">Año</subfield>
			<subfield code="b">t.</subfield>
			<subfield code="i">(año)</subfield>
			<subfield code="j">(mes)</subfield>
			<subfield code="w">t</subfield>
			<subfield code=".">866. 40</subfield>
			<subfield code="8">0</subfield>
			<subfield code="a">(1909), 1913-1914,1917-1920</subfield>
		</datafield>
		<datafield tag="980" ind1=" " ind2=" ">
			<subfield code=".">843.   </subfield>
			<subfield code="3">1901-1920</subfield>
			<subfield code="a">DVD (TIFF)</subfield>
			<subfield code="b">Madrid</subfield>
			<subfield code="c">Tecnodoc</subfield>
			<subfield code="d">2006</subfield>
			<subfield code="e">1 disco compacto, 12 cm</subfield>
			<subfield code=".">852. 41</subfield>
			<subfield code="a">M-BN</subfield>
			<subfield code="9">SE00171572</subfield>
			<subfield code="j">REVdig/426&lt;1&gt;</subfield>
			<subfield code="b">PS</subfield>
			<subfield code="c">SPR_ANTI</subfield>
			<subfield code="m">(ALCALÁ)</subfield>
		</datafield>
		<datafield tag="980" ind1=" " ind2=" ">
			<subfield code=".">022. 0 </subfield>
			<subfield code="a">2171-0384</subfield>
			<subfield code="y">9955-6650</subfield>
			<subfield code=".">852. 41</subfield>
			<subfield code="a">M-BN</subfield>
			<subfield code="b">BNALCALA</subfield>
			<subfield code="9">SE00073742</subfield>
			<subfield code="j">ZR/568</subfield>
			<subfield code="d">D/6449</subfield>
			<subfield code="x">AH</subfield>
			<subfield code="c">CONSERVACI</subfield>
			<subfield code="z">Ejemplar reproducido</subfield>
			<subfield code=".">853. 03</subfield>
			<subfield code="8">1</subfield>
			<subfield code="a">Año</subfield>
			<subfield code="b">t.</subfield>
			<subfield code="i">(año)</subfield>
			<subfield code="j">(mes)</subfield>
			<subfield code="w">t</subfield>
			<subfield code=".">866. 40</subfield>
			<subfield code="8">0</subfield>
			<subfield code="a">1901-1920</subfield>
		</datafield>
	</record>