
	<record>
		<leader>01111ctm a2200253   4500</leader>
		<controlfield tag="001">a4351237</controlfield>
		<controlfield tag="005">20140226        </controlfield>
		<controlfield tag="008">081008q1890    sp            000 0 spa/ </controlfield>
		<datafield tag="035" ind1=" " ind2=" ">
			<subfield code="a">(OCoLC)430944088</subfield>
		</datafield>
		<datafield tag="040" ind1=" " ind2=" ">
			<subfield code="a">SpMaBN</subfield>
			<subfield code="b">spa</subfield>
			<subfield code="c">SpMaBN</subfield>
			<subfield code="e">rdc</subfield>
		</datafield>
		<datafield tag="100" ind1="1" ind2=" ">
			<subfield code="a">López-Ballesteros, Luis</subfield>
			<subfield code="d">1869-1933</subfield>
		</datafield>
		<datafield tag="245" ind1="1" ind2="0">
			<subfield code="a">Después del combate</subfield>
			<subfield code="h">[Manuscrito]</subfield>
			<subfield code="b">: drama en tres actos y un cuadro, original y en verso. Emp.: Y era dichosa Inés como ninguna (h. 3v)... Fin.: ¡Don Juan de Portugal está ya muerto! (h. 145)</subfield>
			<subfield code="c">de los señores Luis L[ópez] Ballesteros y Manuel Paso</subfield>
		</datafield>
		<datafield tag="260" ind1=" " ind2=" ">
			<subfield code="a">[ca. 1890]</subfield>
		</datafield>
		<datafield tag="300" ind1=" " ind2=" ">
			<subfield code="a">145 h.</subfield>
			<subfield code="c">22 x 16 cm.</subfield>
		</datafield>
		<datafield tag="500" ind1=" " ind2=" ">
			<subfield code="a">Sello del Teatro Español</subfield>
		</datafield>
		<datafield tag="510" ind1="4" ind2=" ">
			<subfield code="a">Paz, Teatro (2ª ed.)</subfield>
			<subfield code="c">n. 5999</subfield>
		</datafield>
		<datafield tag="529" ind1="0" ind2="0">
			<subfield code="a">Y era dichosa Inés como ninguna (h. 3v)... ¡Don Juan de Portugal está ya muerto! (h. 145)</subfield>
		</datafield>
		<datafield tag="596" ind1=" " ind2=" ">
			<subfield code="a">Fecha tomada de la ed. de Madrid, 1890</subfield>
		</datafield>
		<datafield tag="597" ind1=" " ind2=" ">
			<subfield code="a">En blanco las h. 2v, 41v-42, 91-92 y 94</subfield>
		</datafield>
		<datafield tag="655" ind1="7" ind2="7">
			<subfield code="a">Teatro</subfield>
			<subfield code="2">tgfbne</subfield>
		</datafield>
		<datafield tag="700" ind1="1" ind2=" ">
			<subfield code="a">Paso, Manuel</subfield>
			<subfield code="d">1864-1901</subfield>
		</datafield>
		<datafield tag="856" ind1="4" ind2="1">
			<subfield code="u">http://bdh-rd.bne.es/viewer.vm?id=0000130520&amp;page=1</subfield>
			<subfield code="y">Biblioteca Digital Hispánica</subfield>
		</datafield>
		<datafield tag="956" ind1=" " ind2=" ">
			<subfield code="a">1</subfield>
		</datafield>
		<datafield tag="899" ind1=" " ind2=" ">
			<subfield code="x">Mnemosine</subfield>
		</datafield>
	</record>