
	<record>
		<leader>01212nam a2200229 i 4500</leader>
		<controlfield tag="001">bimo0001115254</controlfield>
		<controlfield tag="005">20140224        </controlfield>
		<controlfield tag="008">920725s1909    sp            000 d spa  </controlfield>
		<datafield tag="016" ind1="7" ind2=" ">
			<subfield code="a">bimoBNE19993654569</subfield>
			<subfield code="z">IND9200525575</subfield>
			<subfield code="2">SpMaBN</subfield>
		</datafield>
		<datafield tag="035" ind1=" " ind2=" ">
			<subfield code="a">(OCoLC)733441948</subfield>
		</datafield>
		<datafield tag="040" ind1=" " ind2=" ">
			<subfield code="a">SpMaBN</subfield>
			<subfield code="b">spa</subfield>
			<subfield code="c">A2</subfield>
			<subfield code="d">SpMaBN</subfield>
		</datafield>
		<datafield tag="080" ind1=" " ind2=" ">
			<subfield code="a">821.134.2-22&quot;18&quot;</subfield>
		</datafield>
		<datafield tag="100" ind1="1" ind2=" ">
			<subfield code="a">López Silva, José</subfield>
			<subfield code="d">1861-1925</subfield>
		</datafield>
		<datafield tag="245" ind1="1" ind2="0">
			<subfield code="a">Ninfas y sátiros</subfield>
			<subfield code="h">[Texto impreso] :</subfield>
			<subfield code="b">sainete en un acto, dividido en cuatro cuadros, en prosa y verso</subfield>
			<subfield code="c">original de José López Silva y Julio Pellicer ; música del maestro Vicente Lleó</subfield>
		</datafield>
		<datafield tag="260" ind1=" " ind2=" ">
			<subfield code="a">[S.l.]</subfield>
			<subfield code="b">[s.n.]</subfield>
			<subfield code="c">1909</subfield>
			<subfield code="e">Madrid</subfield>
			<subfield code="f">R. Velasco</subfield>
		</datafield>
		<datafield tag="300" ind1=" " ind2=" ">
			<subfield code="a">57 p.</subfield>
			<subfield code="c">20 cm</subfield>
		</datafield>
		<datafield tag="500" ind1=" " ind2=" ">
			<subfield code="a">&quot;Estrenado en el Teatro Eslava el 27 de marzo de 1909&quot;</subfield>
		</datafield>
		<datafield tag="856" ind1="4" ind2="1">
			<subfield code="u">http://bdh-rd.bne.es/viewer.vm?id=0000103996&amp;page=1</subfield>
			<subfield code="y">Biblioteca Digital Hispánica</subfield>
		</datafield>
		<datafield tag="956" ind1=" " ind2=" ">
			<subfield code="a">1</subfield>
		</datafield>
		<datafield tag="980" ind1=" " ind2=" ">
			<subfield code=".">563.   </subfield>
			<subfield code="a">Holandesa: papel; con filetes y leyenda dorados en el lomo. Conserva la cubierta original en rústica</subfield>
			<subfield code=".">852. 40</subfield>
			<subfield code="a">M-BN</subfield>
			<subfield code="b">BNMADRID</subfield>
			<subfield code="9">MO00024796</subfield>
			<subfield code="j">T/18841</subfield>
			<subfield code="z">Sello del eitor: &quot;Propiedad, Sociedad de Autores Españoles, Madrid&quot; y firma ms. de su representante en la port.: &quot;J.Chapí&quot;</subfield>
			<subfield code="x">L090871</subfield>
			<subfield code="x">FA</subfield>
			<subfield code="c">SALA_CERV</subfield>
		</datafield>
		<datafield tag="899" ind1=" " ind2=" ">
			<subfield code="j">T/18841</subfield>
			<subfield code="x">DIG XIX</subfield>
		</datafield>
		<datafield tag="899" ind1=" " ind2=" ">
			<subfield code="x">dig821(460)dig</subfield>
		</datafield>
	</record>