
	<record>
		<leader>00887cam a2200229   4500</leader>
		<controlfield tag="001">a4305039</controlfield>
		<controlfield tag="005">20140226        </controlfield>
		<controlfield tag="008">080717s1908    sp            000   spa  </controlfield>
		<datafield tag="035" ind1=" " ind2=" ">
			<subfield code="a">(OCoLC)433705099</subfield>
		</datafield>
		<datafield tag="040" ind1=" " ind2=" ">
			<subfield code="a">SpMaBN</subfield>
			<subfield code="b">spa</subfield>
			<subfield code="c">SpMaBN</subfield>
			<subfield code="e">rdc</subfield>
		</datafield>
		<datafield tag="100" ind1="1" ind2=" ">
			<subfield code="a">López Silva, José</subfield>
			<subfield code="d">1861-1925</subfield>
		</datafield>
		<datafield tag="245" ind1="1" ind2="0">
			<subfield code="a">Argumento y explicación de La vuelta de presidio</subfield>
			<subfield code="h">[Texto impreso] :</subfield>
			<subfield code="b">entremés trági-cómico, en verso</subfield>
			<subfield code="o">riginal de Don José López Silva ; con música del maestro Don Vicente Lleó</subfield>
		</datafield>
		<datafield tag="246" ind1="1" ind2="3">
			<subfield code="a">La vuelta de presidio</subfield>
		</datafield>
		<datafield tag="260" ind1=" " ind2=" ">
			<subfield code="a">[Madrid]</subfield>
			<subfield code="b">[s. n.]</subfield>
			<subfield code="c">1908</subfield>
			<subfield code="e">Madrid (Cabestreros, 5)</subfield>
			<subfield code="f">Tipografía Universal</subfield>
		</datafield>
		<datafield tag="300" ind1=" " ind2=" ">
			<subfield code="a">14 p.</subfield>
			<subfield code="c">15 cm</subfield>
		</datafield>
		<datafield tag="599" ind1=" " ind2=" ">
			<subfield code="a">En la cub. retrato de Vicente Lleó</subfield>
		</datafield>
		<datafield tag="700" ind1="1" ind2=" ">
			<subfield code="a">Lleó, Vicente</subfield>
			<subfield code="d">1870-1922</subfield>
		</datafield>
		<datafield tag="856" ind1="4" ind2="1">
			<subfield code="u">http://bdh-rd.bne.es/viewer.vm?id=0000058829&amp;page=1</subfield>
			<subfield code="y">Biblioteca Digital Hispánica</subfield>
		</datafield>
		<datafield tag="956" ind1=" " ind2=" ">
			<subfield code="a">1</subfield>
		</datafield>
		<datafield tag="899" ind1=" " ind2=" ">
			<subfield code="j">M.FOLL/44/37</subfield>
		</datafield>
		<datafield tag="901" ind1=" " ind2=" ">
			<subfield code="a">CCIML</subfield>
		</datafield>
		<datafield tag="901" ind1=" " ind2=" ">
			<subfield code="a">TLm</subfield>
		</datafield>
	</record>