
	<record>
		<leader>02065ncm a2200349   4500</leader>
		<controlfield tag="001">bipa0000030161</controlfield>
		<controlfield tag="005">20140227        </controlfield>
		<controlfield tag="008">060503s1907    sp tlc //      n    spa/ </controlfield>
		<datafield tag="015" ind1=" " ind2=" ">
			<subfield code="a">CCIM1</subfield>
			<subfield code="a">TLp</subfield>
		</datafield>
		<datafield tag="016" ind1="7" ind2=" ">
			<subfield code="a">bipaBNE20060060084</subfield>
			<subfield code="z">BNE20001233852</subfield>
			<subfield code="z">IND2000907761</subfield>
			<subfield code="2">SpMaBN</subfield>
		</datafield>
		<datafield tag="028" ind1="3" ind2="1">
			<subfield code="a">41420 , 41434</subfield>
		</datafield>
		<datafield tag="035" ind1=" " ind2=" ">
			<subfield code="a">(OCoLC)740323988</subfield>
		</datafield>
		<datafield tag="040" ind1=" " ind2=" ">
			<subfield code="a">SpMaBN</subfield>
			<subfield code="b">spa</subfield>
			<subfield code="c">SpMaBN</subfield>
			<subfield code="e">rdc</subfield>
		</datafield>
		<datafield tag="084" ind1=" " ind2=" ">
			<subfield code="a">5</subfield>
		</datafield>
		<datafield tag="100" ind1="1" ind2=" ">
			<subfield code="a">Valverde, Joaquín</subfield>
			<subfield code="d">1875-1918</subfield>
		</datafield>
		<datafield tag="240" ind1="1" ind2="0">
			<subfield code="a">El gallo de la pasión</subfield>
			<subfield code="s">Partitura vocal</subfield>
		</datafield>
		<datafield tag="245" ind1="1" ind2="3">
			<subfield code="a">El gallo de la pasión</subfield>
			<subfield code="b">: entremés lírico</subfield>
			<subfield code="c">letra de los Sres. López Silva y Pellicer ; música de los maestros Valverde</subfield>
			<subfield code="h">[Música notada]</subfield>
		</datafield>
		<datafield tag="260" ind1="0" ind2=" ">
			<subfield code="a">Madrid (Carrera de San Jerónimo, 34 y Preciados, 5)</subfield>
			<subfield code="b">Sociedad Anónima Casa Dotesio</subfield>
			<subfield code="c">cop. 1907</subfield>
		</datafield>
		<datafield tag="300" ind1=" " ind2=" ">
			<subfield code="a">1 partitura vocal (15 p.)</subfield>
			<subfield code="c">33 cm</subfield>
		</datafield>
		<datafield tag="500" ind1=" " ind2=" ">
			<subfield code="a">Nº 10697 en La música en el Boletín de la Propiedad Intelectual, Biblioteca Nacional, 1997</subfield>
		</datafield>
		<datafield tag="500" ind1=" " ind2=" ">
			<subfield code="a">En la portada: &quot;Ediciones Casa Dotesio&quot;</subfield>
		</datafield>
		<datafield tag="505" ind1="0" ind2=" ">
			<subfield code="a">Introducción y N. 1, &quot;Dos y dos son cuatro&quot;.- 9 p.- N. pl.: 41420 ; N. 2, &quot;Pasa chiquilla por tu salú que too se alegran cuando entra tú&quot;.- 6 p.- N. pl.: 41434</subfield>
		</datafield>
		<datafield tag="596" ind1=" " ind2=" ">
			<subfield code="a">En la portada: &quot;Bilbao : 8, Dª María Muñoz ; Santander : 7, Was-Rás, 7 ; Barcelona : Puerta del Ángel, 1 y 3 ; Paris : Rue Vivienne, 47&quot;</subfield>
		</datafield>
		<datafield tag="597" ind1=" " ind2=" ">
			<subfield code="a">Con doble secuencia de paginación</subfield>
		</datafield>
		<datafield tag="650" ind1=" " ind2="7">
			<subfield code="a">Sainetes líricos</subfield>
			<subfield code="v">Partituras vocales</subfield>
			<subfield code="2">embne</subfield>
		</datafield>
		<datafield tag="700" ind1="1" ind2=" ">
			<subfield code="a">Valverde, Joaquín</subfield>
			<subfield code="d">1846-1910</subfield>
		</datafield>
		<datafield tag="700" ind1="1" ind2=" ">
			<subfield code="a">López Silva, José</subfield>
			<subfield code="d">1861-1925</subfield>
		</datafield>
		<datafield tag="700" ind1="1" ind2=" ">
			<subfield code="a">Pellicer López, Julio</subfield>
			<subfield code="c">músico</subfield>
		</datafield>
		<datafield tag="856" ind1="4" ind2="1">
			<subfield code="u">http://bdh-rd.bne.es/viewer.vm?id=0000087774&amp;page=1</subfield>
			<subfield code="y">Biblioteca Digital Hispánica</subfield>
		</datafield>
		<datafield tag="899" ind1=" " ind2=" ">
			<subfield code="j">M/2872</subfield>
			<subfield code="x">dig78dig</subfield>
		</datafield>
		<datafield tag="956" ind1=" " ind2=" ">
			<subfield code="a">1</subfield>
		</datafield>
		<datafield tag="980" ind1=" " ind2=" ">
			<subfield code=".">561.   </subfield>
			<subfield code="a">Proc. Registro Propiedad Intelectual</subfield>
			<subfield code=".">563.   </subfield>
			<subfield code="a">Enc. holandesa: papel; hierros y filetes dorados en el lomo</subfield>
			<subfield code=".">852. 40</subfield>
			<subfield code="a">M-BN</subfield>
			<subfield code="b">BNMADRID</subfield>
			<subfield code="9">PA00115506</subfield>
			<subfield code="j">M/2872</subfield>
			<subfield code="u">Sello: &quot;Propiedad Intelectual&quot; </subfield>
			<subfield code="x">V008456</subfield>
			<subfield code="u">Sello gofrado del editor: &quot;Sociedad Anónima Casa Dotesio, Bilbao&quot; </subfield>
			<subfield code="u">Sello en una h. de guarda: &quot;Alcaide, encuadernador. Valverde, 1, Dupdo. Madrid&quot;</subfield>
			<subfield code="c">SALA_BARBI</subfield>
		</datafield>
	</record>