
	<record>
		<leader>02164ncm a2200337 i 4500</leader>
		<controlfield tag="001">bimo0000762218</controlfield>
		<controlfield tag="005">20140528        </controlfield>
		<controlfield tag="007">qu</controlfield>
		<controlfield tag="008">900725t1907    sp zad         nn   spa  </controlfield>
		<datafield tag="015" ind1=" " ind2=" ">
			<subfield code="a">CCIM2</subfield>
			<subfield code="a">TLp</subfield>
		</datafield>
		<datafield tag="016" ind1="7" ind2=" ">
			<subfield code="a">bimoBNE19972455534</subfield>
			<subfield code="z">IND9100213888</subfield>
			<subfield code="2">SpMaBN</subfield>
		</datafield>
		<datafield tag="028" ind1="3" ind2="0">
			<subfield code="a">41496 a 41502</subfield>
			<subfield code="b">Sociedad Anónima Casa Dotesio</subfield>
		</datafield>
		<datafield tag="035" ind1=" " ind2=" ">
			<subfield code="a">(OCoLC)435643304</subfield>
		</datafield>
		<datafield tag="040" ind1=" " ind2=" ">
			<subfield code="a">SpMaBN</subfield>
			<subfield code="b">spa</subfield>
			<subfield code="c">A2</subfield>
			<subfield code="d">SpMaBN</subfield>
			<subfield code="e">rdc</subfield>
		</datafield>
		<datafield tag="084" ind1=" " ind2=" ">
			<subfield code="a">5</subfield>
			<subfield code="2">MU</subfield>
		</datafield>
		<datafield tag="100" ind1="1" ind2="0">
			<subfield code="a">Chueca, Federico</subfield>
			<subfield code="d">1846-1908</subfield>
		</datafield>
		<datafield tag="240" ind1="1" ind2="3">
			<subfield code="a">El estudiante</subfield>
			<subfield code="s">Partitura vocal</subfield>
		</datafield>
		<datafield tag="245" ind1="1" ind2="3">
			<subfield code="a">El estudiante</subfield>
			<subfield code="h">[Música notada] :</subfield>
			<subfield code="b">zarzuela cómica en un acto</subfield>
			<subfield code="c">letra de Dn. José López Silva ; música de los maestros F. Chueca y L. Fontanals</subfield>
		</datafield>
		<datafield tag="260" ind1=" " ind2=" ">
			<subfield code="a">Madrid [etc.]</subfield>
			<subfield code="b">Sociedad Anónima Casa Dotesio</subfield>
			<subfield code="c">cop. 1907</subfield>
		</datafield>
		<datafield tag="300" ind1=" " ind2=" ">
			<subfield code="a">1 partitura vocal (36 p.)</subfield>
			<subfield code="c">32 cm</subfield>
		</datafield>
		<datafield tag="505" ind1="0" ind2=" ">
			<subfield code="a">N. 1, Preludio y pasodoble.- 4 p.- N. pl.: 41496 ; N. 2, Quinteto, &quot;Qué cara más mona&quot;.- 8 p.- N. pl.: 41497 ; N. 3, Minuetto, &quot;Mucho quinqué, mucha atención&quot;.- 4 p.- N. pl.: 41498 ; N. 3a, Tiempo de wals, &quot;Vamos al boston&quot;.- 5 p.- N. pl.: 41499 ; N. 3b, Polka mazurka y El Torniquete, &quot;Venga la polka&quot;.- 6 p.- N. pl.: 41500 ; N. 4, Serenata.- 3 p.- N. pl.: 41501 ; N. 5, Pasodoble y Final, &quot;Viva soldado español&quot;.- 7 p.- N. pl.: 41502</subfield>
		</datafield>
		<datafield tag="510" ind1="4" ind2=" ">
			<subfield code="a">La música en el Boletín de la Propiedad Intelectual, Biblioteca Nacional, 1997</subfield>
			<subfield code="c">n. 10698</subfield>
		</datafield>
		<datafield tag="510" ind1="4" ind2=" ">
			<subfield code="a">Archivo histórico de la Unión Musical Española, SGAE, 2000</subfield>
			<subfield code="c">n. 4632</subfield>
		</datafield>
		<datafield tag="597" ind1=" " ind2=" ">
			<subfield code="a">Con doble secuencia de paginación</subfield>
		</datafield>
		<datafield tag="650" ind1=" " ind2="7">
			<subfield code="a">Zarzuelas</subfield>
			<subfield code="v">Partituras vocales</subfield>
			<subfield code="2">embne</subfield>
		</datafield>
		<datafield tag="700" ind1="1" ind2=" ">
			<subfield code="a">Fontanals, Laureà</subfield>
			<subfield code="d">1870-1956</subfield>
		</datafield>
		<datafield tag="700" ind1="1" ind2=" ">
			<subfield code="a">López Silva, José</subfield>
			<subfield code="d">1861-1925</subfield>
		</datafield>
		<datafield tag="856" ind1="4" ind2="1">
			<subfield code="u">http://bdh-rd.bne.es/viewer.vm?id=0000146623&amp;page=1</subfield>
			<subfield code="y">Biblioteca Digital Hispánica</subfield>
		</datafield>
		<datafield tag="899" ind1=" " ind2=" ">
			<subfield code="j">M/2873</subfield>
			<subfield code="x">dig78dig</subfield>
		</datafield>
		<datafield tag="956" ind1=" " ind2=" ">
			<subfield code="a">1</subfield>
		</datafield>
		<datafield tag="980" ind1=" " ind2=" ">
			<subfield code=".">561.   </subfield>
			<subfield code="a">Proc. Registro Propiedad Intelectual</subfield>
			<subfield code=".">563.   </subfield>
			<subfield code="a">Enc. holandesa: papel; hierros y filetes dorados en el lomo</subfield>
			<subfield code=".">852. 40</subfield>
			<subfield code="a">M-BN</subfield>
			<subfield code="b">BNMADRID</subfield>
			<subfield code="c">SALA_BARBI</subfield>
			<subfield code="9">MO00020175</subfield>
			<subfield code="j">M/2873</subfield>
			<subfield code="x">CH014522</subfield>
			<subfield code="z">Firma ms. Julio Ruiz Castellanos</subfield>
			<subfield code="z">Números de ingreso en el Reg. de la Prop. Intel. </subfield>
			<subfield code="z">Sello con la firma de Federico Chueca</subfield>
			<subfield code="z">Sello gofrado del editor: &quot;Casa Dotesio, Sociedad Anónima, Bilbao&quot;</subfield>
		</datafield>
	</record>