
	<record>
		<leader>01866nam a22003491i 4500</leader>
		<controlfield tag="001">bimo0001115259</controlfield>
		<controlfield tag="005">20140226        </controlfield>
		<controlfield tag="007">ta</controlfield>
		<controlfield tag="008">920725s1901    sp                  spa  </controlfield>
		<datafield tag="016" ind1="7" ind2=" ">
			<subfield code="a">bimoBNE19993654615</subfield>
			<subfield code="z">IND9200525580</subfield>
			<subfield code="2">SpMaBN</subfield>
		</datafield>
		<datafield tag="035" ind1=" " ind2=" ">
			<subfield code="a">(OCoLC)432532107</subfield>
		</datafield>
		<datafield tag="040" ind1=" " ind2=" ">
			<subfield code="a">SpMaBN</subfield>
			<subfield code="b">spa</subfield>
			<subfield code="c">A2</subfield>
			<subfield code="d">SpMaBN</subfield>
			<subfield code="e">rdc</subfield>
		</datafield>
		<datafield tag="100" ind1="1" ind2=" ">
			<subfield code="a">López Silva, José</subfield>
			<subfield code="d">1861-1925</subfield>
		</datafield>
		<datafield tag="245" ind1="1" ind2="3">
			<subfield code="a">La Revoltosa</subfield>
			<subfield code="h">[Texto impreso] :</subfield>
			<subfield code="b">argumento del sainete en un acto y tres cuadros, en verso</subfield>
			<subfield code="c">original de José López Silva y Carlos Fernández Shaw ; música del maestro R. Chapí</subfield>
		</datafield>
		<datafield tag="260" ind1=" " ind2=" ">
			<subfield code="a">Valladolid (Plaza mayor)</subfield>
			<subfield code="b">Celestino González</subfield>
			<subfield code="c">1901</subfield>
			<subfield code="e">Valladolid</subfield>
			<subfield code="e">Madrid</subfield>
			<subfield code="f">Imp. y Lit. de L. Miñón</subfield>
		</datafield>
		<datafield tag="300" ind1=" " ind2=" ">
			<subfield code="a">16 p.</subfield>
			<subfield code="c">16 cm</subfield>
		</datafield>
		<datafield tag="490" ind1="1" ind2=" ">
			<subfield code="a">Galería de argumentos</subfield>
		</datafield>
		<datafield tag="500" ind1=" " ind2=" ">
			<subfield code="a">En la cubierta: &quot;Estrenado en Madrid en el Teatro de Apolo el 25 de noviembre de 1897&quot;</subfield>
		</datafield>
		<datafield tag="500" ind1=" " ind2=" ">
			<subfield code="a">En la cubierta: &quot;Precio, 10 céntimos&quot;</subfield>
		</datafield>
		<datafield tag="500" ind1=" " ind2=" ">
			<subfield code="a">En las p. 3-4 de la cub., listado de obras que forman la serie</subfield>
		</datafield>
		<datafield tag="510" ind1="4" ind2=" ">
			<subfield code="a">Catálogo del teatro lírico español en la Biblioteca Nacional</subfield>
			<subfield code="c">v. II, p. 278, n. 3863</subfield>
		</datafield>
		<datafield tag="596" ind1=" " ind2=" ">
			<subfield code="a">En la p. 16: &quot;El depósito de estos argumentos en Madrid, se halla en el centro de periódicos de D. Antonio Ros, Victoria, 3; Barcelona, centro, reparto y venta de periódicos de D. Juan Tasso e hijo y kiosko, Rambla (frente a la calle del Hospital; Valencia, José Gallego, Ruzafa, 46 kiosko&quot;</subfield>
		</datafield>
		<datafield tag="650" ind1=" " ind2="7">
			<subfield code="a">Zarzuelas</subfield>
			<subfield code="x">Argumentos</subfield>
			<subfield code="2">embne</subfield>
		</datafield>
		<datafield tag="700" ind1="1" ind2=" ">
			<subfield code="a">Chapí, Ruperto</subfield>
			<subfield code="d">1851-1909</subfield>
		</datafield>
		<datafield tag="700" ind1="1" ind2=" ">
			<subfield code="a">Fernández-Shaw, Carlos</subfield>
			<subfield code="d">1865-1911</subfield>
		</datafield>
		<datafield tag="830" ind1=" " ind2="0">
			<subfield code="a">Galería de argumentos (Celestino González)</subfield>
		</datafield>
		<datafield tag="856" ind1="4" ind2="1">
			<subfield code="u">http://bdh-rd.bne.es/viewer.vm?id=0000062191&amp;page=1</subfield>
			<subfield code="y">Biblioteca Digital Hispánica</subfield>
		</datafield>
		<datafield tag="956" ind1=" " ind2=" ">
			<subfield code="a">1</subfield>
		</datafield>
		<datafield tag="980" ind1=" " ind2=" ">
			<subfield code=".">563.   </subfield>
			<subfield code="a">Enc. en rústica</subfield>
			<subfield code=".">852. 40</subfield>
			<subfield code="a">M-BN</subfield>
			<subfield code="b">BNMADRID</subfield>
			<subfield code="c">SALA_BARBI</subfield>
			<subfield code="9">MO01372815</subfield>
			<subfield code="j">M.Foll/143/3</subfield>
			<subfield code="x">L090878</subfield>
		</datafield>
		<datafield tag="899" ind1=" " ind2=" ">
			<subfield code="j">M.FOLL/143/3</subfield>
		</datafield>
		<datafield tag="901" ind1=" " ind2=" ">
			<subfield code="a">CCIML</subfield>
		</datafield>
		<datafield tag="901" ind1=" " ind2=" ">
			<subfield code="a">TLm</subfield>
		</datafield>
	</record>