
	<record>
		<leader>01472ccm a2200289 c 4500</leader>
		<controlfield tag="001">a4975235</controlfield>
		<controlfield tag="005">20140226        </controlfield>
		<controlfield tag="007">qu</controlfield>
		<controlfield tag="008">      s1900    sp tld         n    spa  </controlfield>
		<datafield tag="028" ind1="2" ind2="0">
			<subfield code="a">40059</subfield>
			<subfield code="b">Sociedad Anónima Casa Dotesio</subfield>
		</datafield>
		<datafield tag="035" ind1=" " ind2=" ">
			<subfield code="a">(OCoLC)740318018</subfield>
		</datafield>
		<datafield tag="040" ind1=" " ind2=" ">
			<subfield code="a">SpMaBN</subfield>
			<subfield code="b">spa</subfield>
			<subfield code="c">SpMaBN</subfield>
			<subfield code="e">rdc</subfield>
		</datafield>
		<datafield tag="084" ind1=" " ind2=" ">
			<subfield code="a">5</subfield>
			<subfield code="2">MU</subfield>
		</datafield>
		<datafield tag="100" ind1="1" ind2=" ">
			<subfield code="a">Chapí, Ruperto</subfield>
			<subfield code="d">1851-1909</subfield>
		</datafield>
		<datafield tag="240" ind1="1" ind2="3">
			<subfield code="a">El barquillero.</subfield>
			<subfield code="p">¡De frente, muchachos!</subfield>
			<subfield code="s">Partitura vocal</subfield>
		</datafield>
		<datafield tag="245" ind1="1" ind2="3">
			<subfield code="a">El barquillero.</subfield>
			<subfield code="n">Nº 5,</subfield>
			<subfield code="p">Serenata de los barquilleros</subfield>
			<subfield code="h">[Música notada] :</subfield>
			<subfield code="b">zarzuela en un acto</subfield>
			<subfield code="c">letra de los Sres. Jackson Veyán y López Silva ; música del Mtro. R. Chapí</subfield>
		</datafield>
		<datafield tag="260" ind1=" " ind2=" ">
			<subfield code="a">[Madrid] [etc.]</subfield>
			<subfield code="b">Sociedad Anónima Casa Dotesio</subfield>
			<subfield code="c">[ca. 1900]</subfield>
		</datafield>
		<datafield tag="300" ind1=" " ind2=" ">
			<subfield code="a">1 partitura vocal (12 p.)</subfield>
			<subfield code="c">34 cm</subfield>
		</datafield>
		<datafield tag="500" ind1=" " ind2=" ">
			<subfield code="a">Notación musical grabada por A. Ruiz</subfield>
		</datafield>
		<datafield tag="650" ind1=" " ind2="7">
			<subfield code="a">Zarzuelas</subfield>
			<subfield code="x">Fragmentos</subfield>
			<subfield code="v">Partituras vocales</subfield>
			<subfield code="2">embne</subfield>
		</datafield>
		<datafield tag="700" ind1="1" ind2=" ">
			<subfield code="a">Jackson Veyán, José</subfield>
			<subfield code="d">1852-1935</subfield>
		</datafield>
		<datafield tag="700" ind1="1" ind2=" ">
			<subfield code="a">López Silva, José</subfield>
			<subfield code="d">1861-1925</subfield>
		</datafield>
		<datafield tag="856" ind1="4" ind2="1">
			<subfield code="u">http://bdh-rd.bne.es/viewer.vm?id=0000124958&amp;page=1</subfield>
			<subfield code="y">Biblioteca Digital Hispánica</subfield>
		</datafield>
		<datafield tag="899" ind1=" " ind2=" ">
			<subfield code="j">MP/1955(7)</subfield>
			<subfield code="x">dig78dig</subfield>
		</datafield>
		<datafield tag="899" ind1=" " ind2=" ">
			<subfield code="x"/>
			<subfield code="x">DIG SUB</subfield>
		</datafield>
		<datafield tag="956" ind1=" " ind2=" ">
			<subfield code="a">1</subfield>
		</datafield>
		<datafield tag="980" ind1=" " ind2=" ">
			<subfield code=".">563.   </subfield>
			<subfield code="a">Encuadernación holandesa con hierros en el lomo; inscripción en el lomo: &quot;Música de piano, A.V.&quot;</subfield>
			<subfield code=".">852. 40</subfield>
			<subfield code="a">M-BN</subfield>
			<subfield code="b">BN-MADRID</subfield>
			<subfield code="c">SALA_BARBI</subfield>
			<subfield code="j">Mp/1955(7)</subfield>
			<subfield code="q">Ejemplar sin cubierta </subfield>
			<subfield code="z">Sello: &quot;Sociedad Anónima Casa Dotesio, editor de música, 34, Carrera de S. Jerónimo y 5, Calle de Preciados, Madrid&quot;</subfield>
			<subfield code="z">Encuadernado con otras obras</subfield>
		</datafield>
	</record>