
	<record>
		<leader>02418ncm a22003611  4500</leader>
		<controlfield tag="001">bipa0000067337</controlfield>
		<controlfield tag="005">20140227        </controlfield>
		<controlfield tag="007">qu</controlfield>
		<controlfield tag="008">      s1900    sp tld              spa  </controlfield>
		<datafield tag="028" ind1="2" ind2="0">
			<subfield code="a">40055 a 40059</subfield>
			<subfield code="b">Sociedad Anónima Casa Dotésio</subfield>
		</datafield>
		<datafield tag="028" ind1="2" ind2="0">
			<subfield code="a">40056, 40057, 40058</subfield>
		</datafield>
		<datafield tag="035" ind1=" " ind2=" ">
			<subfield code="a">(OCoLC)435772272</subfield>
		</datafield>
		<datafield tag="040" ind1=" " ind2=" ">
			<subfield code="a">SpMaBN</subfield>
			<subfield code="b">spa</subfield>
			<subfield code="c">SpMaBN</subfield>
			<subfield code="e">rdc</subfield>
		</datafield>
		<datafield tag="084" ind1=" " ind2=" ">
			<subfield code="a">5</subfield>
			<subfield code="2">MU</subfield>
		</datafield>
		<datafield tag="100" ind1="1" ind2=" ">
			<subfield code="a">Chapí, Ruperto</subfield>
			<subfield code="d">1851-1909</subfield>
		</datafield>
		<datafield tag="240" ind1="1" ind2="3">
			<subfield code="a">El barquillero. </subfield>
			<subfield code="s">Partitura vocal</subfield>
		</datafield>
		<datafield tag="245" ind1="1" ind2="3">
			<subfield code="a">El barquillero</subfield>
			<subfield code="h">[Música notada] :</subfield>
			<subfield code="b">zarzuela en un acto</subfield>
			<subfield code="c">letra de los Sres. López Silva y Jackson Veyán ; música del Mtro. R. Chapí</subfield>
		</datafield>
		<datafield tag="260" ind1=" " ind2=" ">
			<subfield code="a">Madrid [etc.]</subfield>
			<subfield code="b">Sociedad Anónima Casa Dotésio</subfield>
			<subfield code="c">[ca. 1900]</subfield>
		</datafield>
		<datafield tag="300" ind1=" " ind2=" ">
			<subfield code="a">1 partitura vocal (51 p.)</subfield>
			<subfield code="c">35 cm</subfield>
		</datafield>
		<datafield tag="500" ind1=" " ind2=" ">
			<subfield code="a">Portada ilustrada firmada por J. Cuevas</subfield>
		</datafield>
		<datafield tag="500" ind1=" " ind2=" ">
			<subfield code="a">Notación musical grabada por A. Ruiz</subfield>
		</datafield>
		<datafield tag="505" ind1="0" ind2=" ">
			<subfield code="a">N. 1, Preludio e introducción, &quot;¡Treinta y una!&quot;.- 12 p.- 40055 -- N. 2, Dúo de Pepillo y Melgades, &quot;Mi oficio es el oficio más desahogao&quot;.- 11 p.- 40056 -- N. 3, Dúo de Socorro y Pepillo, &quot;Me han dejado libre el campo&quot;.- 8 p.- 40057 -- N. 4, Romanza de Socorro, &quot;¡Cuando está tan hondo!&quot;.- 8 p.- 40058 -- N. 5 Serenata de los barquilleros, &quot;¡De frente muchachos!.- 12 p.- 40059</subfield>
		</datafield>
		<datafield tag="510" ind1="4" ind2=" ">
			<subfield code="a">La música en el Boletín de la Propiedad Intelectual, Biblioteca Nacional, 1997</subfield>
			<subfield code="c">n. 9879</subfield>
		</datafield>
		<datafield tag="596" ind1=" " ind2=" ">
			<subfield code="a">Fecha de publicación basada en La edición musical española hasta 1936, 1995</subfield>
		</datafield>
		<datafield tag="597" ind1=" " ind2=" ">
			<subfield code="a">Con doble secuencia de paginación</subfield>
		</datafield>
		<datafield tag="650" ind1=" " ind2="7">
			<subfield code="a">Zarzuelas</subfield>
			<subfield code="v">Partituras vocales</subfield>
			<subfield code="2">embne</subfield>
		</datafield>
		<datafield tag="700" ind1="1" ind2=" ">
			<subfield code="a">López Silva, José</subfield>
			<subfield code="d">1861-1925</subfield>
		</datafield>
		<datafield tag="700" ind1="1" ind2=" ">
			<subfield code="a">Jackson Veyán, José</subfield>
			<subfield code="d">1852-1935</subfield>
		</datafield>
		<datafield tag="856" ind1="4" ind2="1">
			<subfield code="u">http://bdh-rd.bne.es/viewer.vm?id=0000118362&amp;page=1</subfield>
			<subfield code="y">Biblioteca Digital Hispánica</subfield>
		</datafield>
		<datafield tag="899" ind1=" " ind2=" ">
			<subfield code="j">MP/1263/3</subfield>
			<subfield code="x">dig78dig</subfield>
		</datafield>
		<datafield tag="956" ind1=" " ind2=" ">
			<subfield code="a">1</subfield>
		</datafield>
		<datafield tag="980" ind1=" " ind2=" ">
			<subfield code=".">563.   </subfield>
			<subfield code="a">Encuadernación holandesa con hierros en el lomo; inscripción en el lomo: &quot;Obras para piano, A.V.”</subfield>
			<subfield code=".">852. 40</subfield>
			<subfield code="a">SpMaBN</subfield>
			<subfield code="b">BN-MADRID</subfield>
			<subfield code="c">SALA_BARBI</subfield>
			<subfield code="j">Mp/1964(9)</subfield>
			<subfield code="z">Sello del editor: &quot;Sociedad Anónima Casa Dotésio, sucursal de Madrid&quot;</subfield>
			<subfield code="z">Sello: &quot;Sociedad Anónima Casa Dotesio, editor de música, 34, Carrera de S. Jerónimo y 5, Calle de Preciados, Madrid&quot;</subfield>
			<subfield code="z">Sello de la Propiedad Intelectual</subfield>
			<subfield code="z">Encuadernado con otras obras</subfield>
			<subfield code="q">Ejemplar muy deteriorado</subfield>
		</datafield>
		<datafield tag="980" ind1=" " ind2=" ">
			<subfield code=".">561.   </subfield>
			<subfield code="a">Registro Propiedad Intelectual</subfield>
			<subfield code=".">852. 40</subfield>
			<subfield code="a">SpMaBN</subfield>
			<subfield code="b">BN-MADRID</subfield>
			<subfield code="c">SALA_BARBI</subfield>
			<subfield code="j">Mp/1263/3</subfield>
			<subfield code="z"/>
			<subfield code="z">Números de ingreso en el Registro de la Propiedad Intelectual</subfield>
		</datafield>
	</record>