
	<record>
		<leader>01393ccm a2200301   4500</leader>
		<controlfield tag="001">a4701603</controlfield>
		<controlfield tag="005">20140226        </controlfield>
		<controlfield tag="007">qu</controlfield>
		<controlfield tag="008">100311s1899    sp zad         nn   spa  </controlfield>
		<datafield tag="015" ind1=" " ind2=" ">
			<subfield code="a">CCIM</subfield>
			<subfield code="a">TLp</subfield>
		</datafield>
		<datafield tag="028" ind1="3" ind2="0">
			<subfield code="a">P. M. 8702</subfield>
			<subfield code="b">Pablo Martín</subfield>
		</datafield>
		<datafield tag="035" ind1=" " ind2=" ">
			<subfield code="a">(OCoLC)740306399</subfield>
		</datafield>
		<datafield tag="040" ind1=" " ind2=" ">
			<subfield code="a">SpMaBN</subfield>
			<subfield code="b">spa</subfield>
			<subfield code="c">SpMaBN</subfield>
			<subfield code="e">rdc</subfield>
		</datafield>
		<datafield tag="084" ind1=" " ind2=" ">
			<subfield code="a">3.1</subfield>
			<subfield code="2">MU</subfield>
		</datafield>
		<datafield tag="084" ind1=" " ind2=" ">
			<subfield code="a">5</subfield>
			<subfield code="2">MU</subfield>
		</datafield>
		<datafield tag="100" ind1="1" ind2=" ">
			<subfield code="a">Chapí, Ruperto</subfield>
			<subfield code="d">1851-1909</subfield>
		</datafield>
		<datafield tag="240" ind1="1" ind2="0">
			<subfield code="a">La chavala.</subfield>
			<subfield code="p">¿Que me miras de ese modo</subfield>
			<subfield code="s">Partitura vocal</subfield>
		</datafield>
		<datafield tag="245" ind1="1" ind2="3">
			<subfield code="a">La chavala.</subfield>
			<subfield code="n">N. 3,</subfield>
			<subfield code="p">Dúo</subfield>
			<subfield code="h">[Música notada] :</subfield>
			<subfield code="b">zarzuela en un acto</subfield>
			<subfield code="c">letra de los Sres. J. López Silva y C. Fernández Shaw ; música del Mtro. R. Chapí ; reducción por V. Arín</subfield>
		</datafield>
		<datafield tag="260" ind1=" " ind2=" ">
			<subfield code="a">Pablo Martín (Calle del Correo,  4)</subfield>
			<subfield code="b">Pablo Martín</subfield>
			<subfield code="c">[1899]</subfield>
		</datafield>
		<datafield tag="300" ind1=" " ind2=" ">
			<subfield code="a">1 partitura vocal (8 p.)</subfield>
			<subfield code="c">34 cm</subfield>
		</datafield>
		<datafield tag="650" ind1=" " ind2="7">
			<subfield code="a">Zarzuelas</subfield>
			<subfield code="x">Fragmentos</subfield>
			<subfield code="v">Partituras vocales</subfield>
			<subfield code="2">embne</subfield>
		</datafield>
		<datafield tag="700" ind1="1" ind2="2">
			<subfield code="a">López Silva, José</subfield>
			<subfield code="d">1861-1925</subfield>
		</datafield>
		<datafield tag="700" ind1="1" ind2="2">
			<subfield code="a">Fernández-Shaw, Carlos</subfield>
			<subfield code="d">1865-1911</subfield>
		</datafield>
		<datafield tag="700" ind1="1" ind2="2">
			<subfield code="a">Arín, Valentín de</subfield>
			<subfield code="d">1854-1912</subfield>
			<subfield code="e">arr.</subfield>
		</datafield>
		<datafield tag="856" ind1="4" ind2="1">
			<subfield code="u">http://bdh-rd.bne.es/viewer.vm?id=0000075106&amp;page=1</subfield>
			<subfield code="y">Biblioteca Digital Hispánica</subfield>
		</datafield>
		<datafield tag="899" ind1=" " ind2=" ">
			<subfield code="j">MP/5359/47</subfield>
			<subfield code="x">dig78dig</subfield>
		</datafield>
		<datafield tag="956" ind1=" " ind2=" ">
			<subfield code="a">1</subfield>
		</datafield>
		<datafield tag="980" ind1=" " ind2=" ">
			<subfield code=".">541.   </subfield>
			<subfield code="c">donado por</subfield>
			<subfield code="a">Eresbil</subfield>
			<subfield code="b">Rentería (Guipúzcoa),</subfield>
			<subfield code="d">febrero, 2010</subfield>
			<subfield code=".">852. 40</subfield>
			<subfield code="a">M-BN</subfield>
			<subfield code="b">MU</subfield>
			<subfield code="c">SALA_BARBI</subfield>
			<subfield code="9">PA00029947</subfield>
			<subfield code="j">MP/5359/47</subfield>
			<subfield code="z">Sello: &quot;Propiedad Intelectual&quot;</subfield>
			<subfield code="z">Sello: &quot;Díaz y Cª. Música, pianos e instrumentos, San Sebastián, 5 dicbre. 01&quot;</subfield>
		</datafield>
	</record>