
	<record>
		<leader>01355ndm a2200325   4500</leader>
		<controlfield tag="001">bipa0000116014</controlfield>
		<controlfield tag="005">20140227        </controlfield>
		<controlfield tag="008">060420q1896       tlc //      n    spa/ </controlfield>
		<datafield tag="015" ind1=" " ind2=" ">
			<subfield code="a">CCIM1</subfield>
			<subfield code="a">TLp</subfield>
		</datafield>
		<datafield tag="016" ind1="7" ind2=" ">
			<subfield code="a">bipaBNE20060055831</subfield>
			<subfield code="z">BNE19970997061</subfield>
			<subfield code="z">IND9100104696</subfield>
			<subfield code="2">SpMaBN</subfield>
		</datafield>
		<datafield tag="035" ind1=" " ind2=" ">
			<subfield code="a">(OCoLC)435877685</subfield>
		</datafield>
		<datafield tag="040" ind1=" " ind2=" ">
			<subfield code="a">SpMaBN</subfield>
			<subfield code="b">spa</subfield>
			<subfield code="c">SpMaBN</subfield>
			<subfield code="e">rdc</subfield>
		</datafield>
		<datafield tag="084" ind1=" " ind2=" ">
			<subfield code="a">5</subfield>
		</datafield>
		<datafield tag="100" ind1="1" ind2=" ">
			<subfield code="a">Brull, Apolinar</subfield>
			<subfield code="d">1845-1905</subfield>
		</datafield>
		<datafield tag="240" ind1="1" ind2="3">
			<subfield code="a">El cabo Baqueta</subfield>
			<subfield code="s">. Partitura vocal</subfield>
		</datafield>
		<datafield tag="245" ind1="1" ind2="3">
			<subfield code="a">El cabo Baqueta</subfield>
			<subfield code="c">de los maestros Brull y Mangiagalli ; [libreto de R. Monasterio y J.L. Silva]</subfield>
			<subfield code="h">[Música notada]</subfield>
		</datafield>
		<datafield tag="254" ind1=" " ind2=" ">
			<subfield code="a">Canto y piano</subfield>
		</datafield>
		<datafield tag="260" ind1="0" ind2=" ">
			<subfield code="c">[ca. 1896]</subfield>
		</datafield>
		<datafield tag="300" ind1=" " ind2=" ">
			<subfield code="a">1 partitura vocal ([50] p.)</subfield>
			<subfield code="c">22 x 32 cm</subfield>
		</datafield>
		<datafield tag="500" ind1=" " ind2=" ">
			<subfield code="a">Nº 9149 de La música en el Boletín de la Propiedad Intelectual, Biblioteca Nacional, 1997</subfield>
		</datafield>
		<datafield tag="500" ind1=" " ind2=" ">
			<subfield code="a">Sello: &quot;Archivo de música y centro de copisteria, Olmos Huertas y Cª.&quot;</subfield>
		</datafield>
		<datafield tag="500" ind1=" " ind2=" ">
			<subfield code="a">Firma ms. de Florencio Fiscowich</subfield>
		</datafield>
		<datafield tag="650" ind1=" " ind2="7">
			<subfield code="a">Zarzuelas</subfield>
			<subfield code="v">Partituras vocales</subfield>
			<subfield code="v">Manuscritos</subfield>
			<subfield code="2">embne</subfield>
		</datafield>
		<datafield tag="700" ind1="1" ind2=" ">
			<subfield code="a">Mangiagalli, Carlos</subfield>
			<subfield code="d">1842-1896</subfield>
		</datafield>
		<datafield tag="700" ind1="1" ind2=" ">
			<subfield code="a">Monasterio, Ricardo</subfield>
			<subfield code="d">1855-1937</subfield>
		</datafield>
		<datafield tag="700" ind1="1" ind2=" ">
			<subfield code="a">López Silva, José</subfield>
			<subfield code="d">1861-1925</subfield>
		</datafield>
		<datafield tag="856" ind1="4" ind2="1">
			<subfield code="u">http://bdh-rd.bne.es/viewer.vm?id=0000068210&amp;page=1</subfield>
			<subfield code="y">Biblioteca Digital Hispánica</subfield>
		</datafield>
		<datafield tag="899" ind1=" " ind2=" ">
			<subfield code="j">MC/3899/5</subfield>
			<subfield code="x">dig78dig</subfield>
		</datafield>
		<datafield tag="956" ind1=" " ind2=" ">
			<subfield code="a">1</subfield>
		</datafield>
		<datafield tag="980" ind1=" " ind2=" ">
			<subfield code=".">852. 40</subfield>
			<subfield code="a">M-BN</subfield>
			<subfield code="b">BNMADRID</subfield>
			<subfield code="9">PA00124653</subfield>
			<subfield code="j">MC/3899/5</subfield>
			<subfield code="c">SALA_BARBI</subfield>
			<subfield code="x">B285543</subfield>
		</datafield>
	</record>