
	<record>
		<leader>01071nam a2200241 i 4500</leader>
		<controlfield tag="001">bimo0001115243</controlfield>
		<controlfield tag="005">20140224        </controlfield>
		<controlfield tag="008">920725s1896    sp            000 d spa  </controlfield>
		<datafield tag="016" ind1="7" ind2=" ">
			<subfield code="a">bimoBNE19993654446</subfield>
			<subfield code="z">IND9200525563</subfield>
			<subfield code="2">SpMaBN</subfield>
		</datafield>
		<datafield tag="035" ind1=" " ind2=" ">
			<subfield code="a">(OCoLC)432532057</subfield>
		</datafield>
		<datafield tag="040" ind1=" " ind2=" ">
			<subfield code="a">SpMaBN</subfield>
			<subfield code="b">spa</subfield>
			<subfield code="c">A2</subfield>
			<subfield code="d">SpMaBN</subfield>
		</datafield>
		<datafield tag="080" ind1=" " ind2=" ">
			<subfield code="a">821.134.2-23&quot;19&quot;</subfield>
		</datafield>
		<datafield tag="100" ind1="1" ind2=" ">
			<subfield code="a">López Silva, José</subfield>
			<subfield code="d">1861-1925</subfield>
		</datafield>
		<datafield tag="245" ind1="1" ind2="4">
			<subfield code="a">Los inocentes</subfield>
			<subfield code="h">[Texto impreso] :</subfield>
			<subfield code="b">revista extravagante en un acto, en verso y prosa</subfield>
			<subfield code="c">original de José López Silva y Sinesio Delgado ; música de Ramón Estellés</subfield>
		</datafield>
		<datafield tag="260" ind1=" " ind2=" ">
			<subfield code="a">[S.l.]</subfield>
			<subfield code="b">[s.n.]</subfield>
			<subfield code="c">1896</subfield>
			<subfield code="e">Madrid</subfield>
			<subfield code="f">R. Velasco, impresor</subfield>
		</datafield>
		<datafield tag="300" ind1=" " ind2=" ">
			<subfield code="a">32 p.</subfield>
			<subfield code="c">21 cm</subfield>
		</datafield>
		<datafield tag="490" ind1="0" ind2=" ">
			<subfield code="a">Administración Lírico-Dramática</subfield>
		</datafield>
		<datafield tag="700" ind1="1" ind2=" ">
			<subfield code="a">Delgado, Sinesio</subfield>
			<subfield code="d">1859-1928</subfield>
		</datafield>
		<datafield tag="856" ind1="4" ind2="1">
			<subfield code="u">http://bdh-rd.bne.es/viewer.vm?id=0000102418&amp;page=1</subfield>
			<subfield code="y">Biblioteca Digital Hispánica</subfield>
		</datafield>
		<datafield tag="956" ind1=" " ind2=" ">
			<subfield code="a">1</subfield>
		</datafield>
		<datafield tag="980" ind1=" " ind2=" ">
			<subfield code=".">563.   </subfield>
			<subfield code="a">Holandesa, conservando la original</subfield>
			<subfield code=".">583.   </subfield>
			<subfield code="l">Papel ácido</subfield>
			<subfield code=".">852. 40</subfield>
			<subfield code="a">M-BN</subfield>
			<subfield code="b">BNMADRID</subfield>
			<subfield code="j">T/14317</subfield>
			<subfield code="z">Sello y firma de los editores</subfield>
			<subfield code="x">L090856</subfield>
			<subfield code="x">FA </subfield>
			<subfield code="c">SALA_CERV</subfield>
		</datafield>
		<datafield tag="899" ind1=" " ind2=" ">
			<subfield code="j">T/14317</subfield>
			<subfield code="x">DIG XIX</subfield>
		</datafield>
		<datafield tag="899" ind1=" " ind2=" ">
			<subfield code="x">dig821(460)dig</subfield>
		</datafield>
	</record>