
	<record>
		<leader>02041ncm a22003851  4500</leader>
		<controlfield tag="001">bipa0000067292</controlfield>
		<controlfield tag="005">20140227        </controlfield>
		<controlfield tag="008">011112s1893    sp tlc //      n    spa/ </controlfield>
		<datafield tag="015" ind1=" " ind2=" ">
			<subfield code="a">CCIM</subfield>
			<subfield code="a">PAR5</subfield>
		</datafield>
		<datafield tag="016" ind1="7" ind2=" ">
			<subfield code="a">bipaBNE20030080558</subfield>
			<subfield code="z">PARBI01004974</subfield>
			<subfield code="2">SpMaBN</subfield>
		</datafield>
		<datafield tag="028" ind1="2" ind2="1">
			<subfield code="a">Z. 3658 Z. a Z. 3662 Z.</subfield>
		</datafield>
		<datafield tag="028" ind1="2" ind2="0">
			<subfield code="a">Z. 3659 Z., Z. 3660 Z., Z. 3661 Z.</subfield>
		</datafield>
		<datafield tag="035" ind1=" " ind2=" ">
			<subfield code="a">(OCoLC)740270223</subfield>
		</datafield>
		<datafield tag="040" ind1=" " ind2=" ">
			<subfield code="a">SpMaBN</subfield>
			<subfield code="b">spa</subfield>
			<subfield code="c">SpMaBN</subfield>
			<subfield code="e">rdc</subfield>
		</datafield>
		<datafield tag="084" ind1=" " ind2=" ">
			<subfield code="a">5</subfield>
		</datafield>
		<datafield tag="100" ind1="1" ind2="0">
			<subfield code="a">Chueca, Federico</subfield>
			<subfield code="d">1846-1908</subfield>
		</datafield>
		<datafield tag="240" ind1="1" ind2="4">
			<subfield code="a">Los descamisados</subfield>
			<subfield code="s">. Partitura vocal</subfield>
		</datafield>
		<datafield tag="245" ind1="1" ind2="4">
			<subfield code="a">Los descamisados</subfield>
			<subfield code="h">[Música notada]</subfield>
			<subfield code="b"> : zarzuela en un acto</subfield>
			<subfield code="c">letra de los Sres. C. Arniches y J.L. Silva ; música del maestro F. Chueca</subfield>
		</datafield>
		<datafield tag="260" ind1="0" ind2=" ">
			<subfield code="a">Madrid</subfield>
			<subfield code="b">Zozaya</subfield>
			<subfield code="c">[1893]</subfield>
		</datafield>
		<datafield tag="300" ind1=" " ind2=" ">
			<subfield code="a">1 partitura vocal (32 p.)</subfield>
			<subfield code="c">35 cm</subfield>
		</datafield>
		<datafield tag="500" ind1=" " ind2=" ">
			<subfield code="a">Cub. ilustrada firmada por J.C.</subfield>
		</datafield>
		<datafield tag="500" ind1=" " ind2=" ">
			<subfield code="a">Ded.: &quot;Al Excmo. Sr. General Riva-Palacio&quot;</subfield>
		</datafield>
		<datafield tag="500" ind1=" " ind2=" ">
			<subfield code="a">Notación musical grabada por A. Ruiz</subfield>
		</datafield>
		<datafield tag="500" ind1=" " ind2=" ">
			<subfield code="a">Propaganda de otras obras del autor en la p. 4 de la cub.</subfield>
		</datafield>
		<datafield tag="505" ind1="0" ind2=" ">
			<subfield code="a">Nº 1, Preludio.- 3 p.- N. pl.: Z. 3658 Z. ; Nº 2, Jota de los carpinteros, &quot;A trabajar!, a trabajar!&quot;.- 8 p.- N. pl.: Z. 3659 Z. ; Nº 3, Terceto, mazurka de los socialistas, &quot;Yo soy el Pelao y yo el Colorao&quot;.- 7 p.- N. pl.: Z. 3660 Z. ; Nº 4, Schottisch-gavota, &quot;Hace dos años en Alicante&quot;.- 6 p.- N. pl.: Z. 3661 Z. ; Nº 5, Pasa-calle, &quot;Aquí venimos juntos toa la vecindad &quot;.- 8 p.- N. pl.: Z. 3662 Z.</subfield>
		</datafield>
		<datafield tag="594" ind1=" " ind2=" ">
			<subfield code="a">Voz y piano</subfield>
		</datafield>
		<datafield tag="596" ind1=" " ind2=" ">
			<subfield code="a">Fecha de publicación tomada de La edición musical española hasta 1936, 1995</subfield>
		</datafield>
		<datafield tag="597" ind1=" " ind2=" ">
			<subfield code="a">Incluye doble secuencia de paginación independiente</subfield>
		</datafield>
		<datafield tag="650" ind1=" " ind2="7">
			<subfield code="a">Zarzuelas</subfield>
			<subfield code="v">Partituras vocales</subfield>
			<subfield code="2">embne</subfield>
		</datafield>
		<datafield tag="700" ind1="1" ind2="1">
			<subfield code="a">López Silva, José</subfield>
			<subfield code="d">1861-1925</subfield>
		</datafield>
		<datafield tag="700" ind1="1" ind2="1">
			<subfield code="a">Arniches, Carlos</subfield>
			<subfield code="d">1866-1943</subfield>
		</datafield>
		<datafield tag="856" ind1="4" ind2="1">
			<subfield code="u">http://bdh-rd.bne.es/viewer.vm?id=0000064529&amp;page=1</subfield>
			<subfield code="y">Biblioteca Digital Hispánica</subfield>
		</datafield>
		<datafield tag="899" ind1=" " ind2=" ">
			<subfield code="j">MP/1618/31</subfield>
			<subfield code="x">dig78dig</subfield>
		</datafield>
		<datafield tag="956" ind1=" " ind2=" ">
			<subfield code="a">1</subfield>
		</datafield>
		<datafield tag="980" ind1=" " ind2=" ">
			<subfield code=".">561.   </subfield>
			<subfield code="a">Reg. Propiedad Intelectual</subfield>
			<subfield code=".">852. 40</subfield>
			<subfield code="a">M-BN</subfield>
			<subfield code="b">BNMADRID</subfield>
			<subfield code="9">PA00791107</subfield>
			<subfield code="j">Mp/1618/31</subfield>
			<subfield code="d">Mp/1261/14</subfield>
			<subfield code="q">Ejemplar deteriorado</subfield>
			<subfield code="x">MU</subfield>
			<subfield code="c">SALA_BARBI</subfield>
		</datafield>
	</record>