
	<record>
		<leader>02142ncm a22003971  4500</leader>
		<controlfield tag="001">bipa0000067368</controlfield>
		<controlfield tag="005">20140227        </controlfield>
		<controlfield tag="008">011112s1890    sp tlc //      n    spa/ </controlfield>
		<datafield tag="015" ind1=" " ind2=" ">
			<subfield code="a">CCIM1</subfield>
			<subfield code="a">TLp</subfield>
		</datafield>
		<datafield tag="016" ind1="7" ind2=" ">
			<subfield code="a">bipaBNE20030081335</subfield>
			<subfield code="z">PARBI01005052</subfield>
			<subfield code="2">SpMaBN</subfield>
		</datafield>
		<datafield tag="028" ind1="2" ind2="1">
			<subfield code="a">Z 1650 Z a Z 1656 Z</subfield>
		</datafield>
		<datafield tag="028" ind1="2" ind2="0">
			<subfield code="a">Z 1651 Z, Z 1652 Z, Z 1653 Z, Z 1654 Z, Z 1655 Z</subfield>
		</datafield>
		<datafield tag="035" ind1=" " ind2=" ">
			<subfield code="a">(OCoLC)435772300</subfield>
		</datafield>
		<datafield tag="040" ind1=" " ind2=" ">
			<subfield code="a">SpMaBN</subfield>
			<subfield code="b">spa</subfield>
			<subfield code="c">SpMaBN</subfield>
			<subfield code="e">rdc</subfield>
		</datafield>
		<datafield tag="084" ind1=" " ind2=" ">
			<subfield code="a">5</subfield>
		</datafield>
		<datafield tag="100" ind1="1" ind2=" ">
			<subfield code="a">Brull, Apolinar</subfield>
			<subfield code="d">1845-1905</subfield>
		</datafield>
		<datafield tag="240" ind1="1" ind2="3">
			<subfield code="a">El cabo Baqueta</subfield>
			<subfield code="s">. Partitura vocal</subfield>
		</datafield>
		<datafield tag="245" ind1="1" ind2="3">
			<subfield code="a">El cabo Baqueta</subfield>
			<subfield code="h">[Música notada]</subfield>
			<subfield code="b"> : zarzuela en un acto</subfield>
			<subfield code="c">letra de los Sres. R. Monasterio y J.L. Silva ; música de los Mtros Brull y Mangiagalli</subfield>
		</datafield>
		<datafield tag="260" ind1="0" ind2=" ">
			<subfield code="a">Madrid (Carrera de San Jerónimo, 34)</subfield>
			<subfield code="b">Zozaya</subfield>
			<subfield code="c">[1890]</subfield>
			<subfield code="f">Calcog. de S. Santamaría</subfield>
		</datafield>
		<datafield tag="300" ind1=" " ind2=" ">
			<subfield code="a">1 partitura vocal (31 p.)</subfield>
			<subfield code="c">35 cm</subfield>
		</datafield>
		<datafield tag="490" ind1="1" ind2=" ">
			<subfield code="a">Repertorio de zarzuelas en uno y dos actos</subfield>
		</datafield>
		<datafield tag="500" ind1=" " ind2=" ">
			<subfield code="a">Portada ilustrada</subfield>
		</datafield>
		<datafield tag="500" ind1=" " ind2=" ">
			<subfield code="a">Nº 8739 de La música en el Boletín de la Propiedad Intelectual, Biblioteca Nacional,</subfield>
		</datafield>
		<datafield tag="505" ind1="0" ind2=" ">
			<subfield code="a">N. 1, Introducción.- 3 p.- N. pl.: Z 1650 Z ; N. 2, Vals, &quot;Adelante amigos&quot;.- 7 p.- N. pl.: Z 1651 Z ; N. 3, Mutación y vals.- 3 p.- N. pl.: Z 1652 Z ; N. 4, Canción de Arturo, &quot;Montao en su jaca&quot;.- 4 p.- N. pl.: Z 1653 Z ; N. 5, Couplets, &quot;Un regiment&quot;.- 4 p.- N. pl.: Z 1654 Z ; N. 6, Preludio descriptivo.- 6 p.- N. pl.: Z 1655 Z ; N. 7, Pasacalles, &quot;Tra tra ra ri&quot;.- 6 p.- N. pl.: Z 1655 Z</subfield>
		</datafield>
		<datafield tag="594" ind1=" " ind2=" ">
			<subfield code="a">Voz y piano</subfield>
		</datafield>
		<datafield tag="596" ind1=" " ind2=" ">
			<subfield code="a">Fecha de publicación tomada de La edición musical española hasta 1936, 1995</subfield>
		</datafield>
		<datafield tag="597" ind1=" " ind2=" ">
			<subfield code="a">Con doble secuencia de paginación</subfield>
		</datafield>
		<datafield tag="650" ind1=" " ind2="7">
			<subfield code="a">Zarzuelas</subfield>
			<subfield code="v">Partituras vocales</subfield>
			<subfield code="2">embne</subfield>
		</datafield>
		<datafield tag="700" ind1="1" ind2=" ">
			<subfield code="a">Monasterio, Ricardo</subfield>
			<subfield code="d">1855-1937</subfield>
		</datafield>
		<datafield tag="700" ind1="1" ind2=" ">
			<subfield code="a">López Silva, José</subfield>
			<subfield code="d">1861-1925</subfield>
		</datafield>
		<datafield tag="700" ind1="1" ind2=" ">
			<subfield code="a">Mangiagalli, Carlos</subfield>
			<subfield code="d">1842-1896</subfield>
		</datafield>
		<datafield tag="830" ind1=" " ind2="1">
			<subfield code="a">Repertorio de zarzuelas en uno y dos actos (Zozaya)</subfield>
		</datafield>
		<datafield tag="856" ind1="4" ind2="1">
			<subfield code="u">http://bdh-rd.bne.es/viewer.vm?id=0000118379&amp;page=1</subfield>
			<subfield code="y">Biblioteca Digital Hispánica</subfield>
		</datafield>
		<datafield tag="899" ind1=" " ind2=" ">
			<subfield code="j">MP/1265/3</subfield>
			<subfield code="x">dig78dig</subfield>
		</datafield>
		<datafield tag="956" ind1=" " ind2=" ">
			<subfield code="a">1</subfield>
		</datafield>
		<datafield tag="980" ind1=" " ind2=" ">
			<subfield code=".">561.   </subfield>
			<subfield code="a">Proc. Registro Propiedad Intelectual</subfield>
			<subfield code=".">852. 40</subfield>
			<subfield code="a">M-BN</subfield>
			<subfield code="b">BNMADRID</subfield>
			<subfield code="9">PA00791169</subfield>
			<subfield code="j">Mp/1265/3</subfield>
			<subfield code="x">MU</subfield>
			<subfield code="c">SALA_BARBI</subfield>
		</datafield>
	</record>