
	<record>
		<leader>00940ctm a2200229   4500</leader>
		<controlfield tag="001">a4452431</controlfield>
		<controlfield tag="005">20140226        </controlfield>
		<controlfield tag="008">090325q18511900sp            000 0 spa/ </controlfield>
		<datafield tag="035" ind1=" " ind2=" ">
			<subfield code="a">(OCoLC)740323951</subfield>
		</datafield>
		<datafield tag="040" ind1=" " ind2=" ">
			<subfield code="a">SpMaBN</subfield>
			<subfield code="b">spa</subfield>
			<subfield code="c">SpMaBN</subfield>
			<subfield code="e">rdc</subfield>
		</datafield>
		<datafield tag="100" ind1="1" ind2=" ">
			<subfield code="a">López Silva, José</subfield>
			<subfield code="d">1861-1925</subfield>
		</datafield>
		<datafield tag="245" ind1="1" ind2="0">
			<subfield code="a">Pérez</subfield>
			<subfield code="h">[Manuscrito]</subfield>
			<subfield code="b">: diálogo original y en verso. Emp.: ¿Es verdá lo que cuentan de tu padre? (h. 2)... Fin.: si[n] haberte enterao de quién fue Pérez (h. 5v)</subfield>
			<subfield code="c">letra [de] José López Silva</subfield>
		</datafield>
		<datafield tag="260" ind1=" " ind2=" ">
			<subfield code="a">S.XIX</subfield>
		</datafield>
		<datafield tag="300" ind1=" " ind2=" ">
			<subfield code="a">5 h.</subfield>
			<subfield code="c">23 x 17 cm.</subfield>
		</datafield>
		<datafield tag="500" ind1=" " ind2=" ">
			<subfield code="a">Sello del Teatro Romea de Madrid</subfield>
		</datafield>
		<datafield tag="500" ind1=" " ind2=" ">
			<subfield code="a">Firma autógrafa</subfield>
		</datafield>
		<datafield tag="510" ind1="4" ind2=" ">
			<subfield code="a">Paz, Teatro (2ª ed.)</subfield>
			<subfield code="c">n. 8296</subfield>
		</datafield>
		<datafield tag="529" ind1="0" ind2="0">
			<subfield code="a">¿Es verdá lo que cuentan de tu padre? (h. 2)... si[n] haberte enterao de quién fue Pérez (h. 5v)</subfield>
		</datafield>
		<datafield tag="655" ind1="7" ind2="7">
			<subfield code="a">Teatro</subfield>
			<subfield code="2">tgfbne</subfield>
		</datafield>
		<datafield tag="856" ind1="4" ind2="1">
			<subfield code="u">http://bdh-rd.bne.es/viewer.vm?id=0000130504&amp;page=1</subfield>
			<subfield code="y">Biblioteca Digital Hispánica</subfield>
		</datafield>
		<datafield tag="956" ind1=" " ind2=" ">
			<subfield code="a">1</subfield>
		</datafield>
		<datafield tag="899" ind1=" " ind2=" ">
			<subfield code="x">Mnemosine</subfield>
		</datafield>
	</record>