
	<record>
		<leader>01627nji a2200421   4500</leader>
		<controlfield tag="001">biso0000743458</controlfield>
		<controlfield tag="005">20140528        </controlfield>
		<controlfield tag="007">sd dmsdnnmslub</controlfield>
		<controlfield tag="008">050811q1930    sp mu            1       </controlfield>
		<datafield tag="015" ind1=" " ind2=" ">
			<subfield code="a">SONPZ</subfield>
			<subfield code="a">SON5</subfield>
		</datafield>
		<datafield tag="016" ind1="7" ind2=" ">
			<subfield code="a">bisoBNE20050134491</subfield>
			<subfield code="2">SpMaBN</subfield>
		</datafield>
		<datafield tag="028" ind1="1" ind2="0">
			<subfield code="a">K 1359, K 1362</subfield>
		</datafield>
		<datafield tag="028" ind1=" " ind2="0">
			<subfield code="a">RS 1126</subfield>
			<subfield code="b">Regal</subfield>
		</datafield>
		<datafield tag="035" ind1=" " ind2=" ">
			<subfield code="a">(OCoLC)431385888</subfield>
		</datafield>
		<datafield tag="040" ind1=" " ind2=" ">
			<subfield code="a">SpMaBN</subfield>
			<subfield code="b">spa</subfield>
			<subfield code="c">SpMaBN</subfield>
			<subfield code="e">rdc</subfield>
		</datafield>
		<datafield tag="047" ind1=" " ind2=" ">
			<subfield code="a">tl</subfield>
			<subfield code="a">op</subfield>
		</datafield>
		<datafield tag="084" ind1=" " ind2=" ">
			<subfield code="a">5</subfield>
			<subfield code="2">MU</subfield>
		</datafield>
		<datafield tag="100" ind1="1" ind2=" ">
			<subfield code="a">Granados, Eduardo</subfield>
			<subfield code="d">1894-1928</subfield>
		</datafield>
		<datafield tag="240" ind1="1" ind2="3">
			<subfield code="a">El caballero sin nombre.</subfield>
			<subfield code="p">Vals polonés</subfield>
		</datafield>
		<datafield tag="245" ind1="1" ind2="3">
			<subfield code="a">El caballero sin nombre</subfield>
			<subfield code="p">Vals polonés</subfield>
			<subfield code="h">[Grabación sonora]</subfield>
			<subfield code="c">Sepúlveda, Saá y Granados (hijo). La mujer ideal. Pasodoble / Lehár</subfield>
		</datafield>
		<datafield tag="260" ind1=" " ind2=" ">
			<subfield code="a">[San Sebatián</subfield>
			<subfield code="b">Columbia Graphophone Company</subfield>
			<subfield code="c">ca. 1930]</subfield>
		</datafield>
		<datafield tag="300" ind1=" " ind2=" ">
			<subfield code="a">1 disco (6 min)</subfield>
			<subfield code="b">78 rpm</subfield>
			<subfield code="c">25 cm</subfield>
		</datafield>
		<datafield tag="500" ind1=" " ind2=" ">
			<subfield code="a">Etiqueta azul</subfield>
		</datafield>
		<datafield tag="510" ind1="4" ind2=" ">
			<subfield code="a">Catálogo general de discos &quot;Regal&quot; conteniendo todos los discos eléctricos publicados hasta fin de junio de 1930</subfield>
			<subfield code="c">p. 135</subfield>
		</datafield>
		<datafield tag="511" ind1="1" ind2=" ">
			<subfield code="a">Orquesta Viva-Tonal</subfield>
		</datafield>
		<datafield tag="596" ind1=" " ind2="1">
			<subfield code="a">Fecha de publicación basada en catálogo</subfield>
		</datafield>
		<datafield tag="597" ind1=" " ind2=" ">
			<subfield code="a">Grabado &quot;Viva-tonal&quot;</subfield>
		</datafield>
		<datafield tag="650" ind1=" " ind2="7">
			<subfield code="a">Zarzuelas</subfield>
			<subfield code="x">Fragmentos</subfield>
			<subfield code="2">embne</subfield>
		</datafield>
		<datafield tag="650" ind1=" " ind2="7">
			<subfield code="a">Óperas</subfield>
			<subfield code="x">Fragmentos</subfield>
			<subfield code="2">embne</subfield>
		</datafield>
		<datafield tag="700" ind1="1" ind2="2">
			<subfield code="a">Lehár, Franz</subfield>
			<subfield code="d">1870-1948</subfield>
			<subfield code="t">Die ideale Gattin.</subfield>
			<subfield code="p">Pasodoble</subfield>
		</datafield>
		<datafield tag="700" ind1="1" ind2="2">
			<subfield code="a">Sepúlveda, Rafael</subfield>
			<subfield code="d">m. 1961</subfield>
		</datafield>
		<datafield tag="700" ind1="1" ind2="2">
			<subfield code="a">López de Saá, Leopoldo</subfield>
			<subfield code="d">1870-1936</subfield>
		</datafield>
		<datafield tag="710" ind1="2" ind2=" ">
			<subfield code="a">Orquesta Viva-Tonal</subfield>
		</datafield>
		<datafield tag="740" ind1="3" ind2="2">
			<subfield code="a">La mujer ideal</subfield>
		</datafield>
		<datafield tag="856" ind1="4" ind2="1">
			<subfield code="u">http://bdh.bne.es/bnesearch/detalle/bdh0000135009</subfield>
			<subfield code="y">Biblioteca Digital Hispánica</subfield>
		</datafield>
		<datafield tag="956" ind1=" " ind2=" ">
			<subfield code="a">1</subfield>
		</datafield>
		<datafield tag="980" ind1=" " ind2=" ">
			<subfield code=".">852. 40</subfield>
			<subfield code="a">M-BN</subfield>
			<subfield code="b">BNMADRID</subfield>
			<subfield code="9">DD00301553</subfield>
			<subfield code="j">Ds/10752/1</subfield>
			<subfield code="x">MU</subfield>
			<subfield code="c">SALA_BARBI</subfield>
		</datafield>
		<datafield tag="899" ind1=" " ind2=" ">
			<subfield code="j">DS/10752/1</subfield>
		</datafield>
	</record>