
	<record>
		<leader>01880nam a2200289   4500</leader>
		<controlfield tag="001">bimo0001551454</controlfield>
		<controlfield tag="005">20140415        </controlfield>
		<controlfield tag="008">000401s1897    sp a          00    spa  </controlfield>
		<datafield tag="016" ind1="7" ind2=" ">
			<subfield code="a">bimoBNE20001333347</subfield>
			<subfield code="2">SpMaBN</subfield>
			<subfield code="z">IND2000913864</subfield>
			<subfield code="2">SpMaBN</subfield>
		</datafield>
		<datafield tag="035" ind1=" " ind2=" ">
			<subfield code="a">(OCoLC)434279717</subfield>
		</datafield>
		<datafield tag="040" ind1=" " ind2=" ">
			<subfield code="a">SpMaBN</subfield>
			<subfield code="b">spa</subfield>
			<subfield code="c">CDM</subfield>
			<subfield code="d">SpMaBN</subfield>
		</datafield>
		<datafield tag="100" ind1="1" ind2=" ">
			<subfield code="a">Vázquez y Rodríguez, Leopoldo</subfield>
		</datafield>
		<datafield tag="245" ind1="1" ind2="3">
			<subfield code="a">La tauromaquia</subfield>
			<subfield code="c">escrita por Leopoldo Vázquez, Luis Gandullo y Leopoldo López de Saá ; bajo la dirección técnica del célebre diestro cordobés Rafael Guerra, Guerrita</subfield>
		</datafield>
		<datafield tag="260" ind1=" " ind2=" ">
			<subfield code="a">[S.l.]</subfield>
			<subfield code="b">[s.n.]</subfield>
			<subfield code="c">[1897?]</subfield>
			<subfield code="e">[Madrid]</subfield>
			<subfield code="f">Imprenta de Pedro Núñez</subfield>
		</datafield>
		<datafield tag="300" ind1=" " ind2=" ">
			<subfield code="a">2 v. (976, 1447 p.)</subfield>
			<subfield code="b">il., retrato</subfield>
			<subfield code="c">25 cm</subfield>
		</datafield>
		<datafield tag="650" ind1=" " ind2="7">
			<subfield code="a">Tauromaquia</subfield>
			<subfield code="2">embne</subfield>
		</datafield>
		<datafield tag="700" ind1="1" ind2=" ">
			<subfield code="a">Gandullo, Luis</subfield>
		</datafield>
		<datafield tag="700" ind1="1" ind2=" ">
			<subfield code="a">López de Saá, Leopoldo</subfield>
			<subfield code="d">1870-1936</subfield>
		</datafield>
		<datafield tag="700" ind1="0" ind2=" ">
			<subfield code="a">Guerrita</subfield>
			<subfield code="d">1862-1941</subfield>
		</datafield>
		<datafield tag="856" ind1="4" ind2="1">
			<subfield code="u">http://bdh-rd.bne.es/viewer.vm?id=0000006376&amp;page=1</subfield>
			<subfield code="y">Biblioteca Digital Hispánica</subfield>
		</datafield>
		<datafield tag="956" ind1=" " ind2=" ">
			<subfield code="a">1 2</subfield>
		</datafield>
		<datafield tag="980" ind1=" " ind2=" ">
			<subfield code=".">852. 40</subfield>
			<subfield code="a">M-BN</subfield>
			<subfield code="b">BNMADRID</subfield>
			<subfield code="9">MO00173663</subfield>
			<subfield code="j">4/36382-4/36383</subfield>
			<subfield code="x">DG</subfield>
			<subfield code="c">SG_RECOLET </subfield>
			<subfield code="x">V023376(4)</subfield>
			<subfield code=".">863. 43</subfield>
			<subfield code="8">1.1</subfield>
			<subfield code="a">1</subfield>
			<subfield code="x">V023376(4)</subfield>
			<subfield code=".">863. 43</subfield>
			<subfield code="8">1.2</subfield>
			<subfield code="a">2</subfield>
			<subfield code="x">V023376(4)</subfield>
			<subfield code=".">866. 40</subfield>
			<subfield code="8">0</subfield>
			<subfield code="a">2 v.</subfield>
		</datafield>
		<datafield tag="980" ind1=" " ind2=" ">
			<subfield code=".">852. 41</subfield>
			<subfield code="a">M-BN</subfield>
			<subfield code="b">BNALCALA</subfield>
			<subfield code="9">MO04436848</subfield>
			<subfield code="c">SG_PETANTI</subfield>
			<subfield code="j">AHI/11023</subfield>
			<subfield code=".">863. 43</subfield>
			<subfield code="8">1.1</subfield>
			<subfield code="a">1</subfield>
			<subfield code=".">866. 40</subfield>
			<subfield code="8">0</subfield>
			<subfield code="a">v.1</subfield>
		</datafield>
		<datafield tag="980" ind1=" " ind2=" ">
			<subfield code=".">852. 40</subfield>
			<subfield code="a">M-BN</subfield>
			<subfield code="b">BNALCALA</subfield>
			<subfield code="9">MO04039314</subfield>
			<subfield code="j">DL/1215561-DL/1215562</subfield>
			<subfield code="x">DG</subfield>
			<subfield code="c">CONSERVACI </subfield>
			<subfield code="x">Anterior a 1958</subfield>
			<subfield code=".">863. 43</subfield>
			<subfield code="8">1.1</subfield>
			<subfield code="a">1</subfield>
			<subfield code="z">Con ded. de Rafael Guerra, Guerrita</subfield>
			<subfield code="z">Con ded. de Rafael Guerra, Guerrita</subfield>
			<subfield code="x">Anterior a 1958</subfield>
			<subfield code=".">863. 43</subfield>
			<subfield code="8">1.2</subfield>
			<subfield code="a">2</subfield>
			<subfield code="x">Anterior a 1958</subfield>
			<subfield code=".">866. 40</subfield>
			<subfield code="8">0</subfield>
			<subfield code="a">2 v.</subfield>
		</datafield>
		<datafield tag="980" ind1=" " ind2=" ">
			<subfield code=".">843.   </subfield>
			<subfield code="a">Microfilme</subfield>
			<subfield code="b">Madrid</subfield>
			<subfield code="c">Biblioteca Nacional</subfield>
			<subfield code="e">1 carrete de microfilme (729 fotogramas) ; 35 mm</subfield>
			<subfield code=".">852. 40</subfield>
			<subfield code="a">M-BN</subfield>
			<subfield code="b">BNALCALA</subfield>
			<subfield code="j">DGmicro/6746</subfield>
			<subfield code="m">v. 2</subfield>
			<subfield code="z">v. 2</subfield>
			<subfield code="x">DG</subfield>
			<subfield code="c">ALCALA</subfield>
		</datafield>
		<datafield tag="980" ind1=" " ind2=" ">
			<subfield code=".">843.   </subfield>
			<subfield code="a">Microfilme</subfield>
			<subfield code="b">Madrid</subfield>
			<subfield code="c">Biblioteca Nacional</subfield>
			<subfield code="e">1 carrete de microfilme (493 fotogramas) ; 35 mm</subfield>
			<subfield code=".">852. 40</subfield>
			<subfield code="a">M-BN</subfield>
			<subfield code="b">BNALCALA</subfield>
			<subfield code="j">DGmicro/6766</subfield>
			<subfield code="m">v. 1</subfield>
			<subfield code="z">v. 1</subfield>
			<subfield code="x">DG</subfield>
			<subfield code="c">ALCALA</subfield>
		</datafield>
		<datafield tag="899" ind1=" " ind2=" ">
			<subfield code="x">dig ocio toros</subfield>
			<subfield code="j">DL/1215561-DL/1215562</subfield>
		</datafield>
	</record>