
	<record>
		<leader>01052nam a2200241   4500</leader>
		<controlfield tag="001">bimo0002312384</controlfield>
		<controlfield tag="005">20140224        </controlfield>
		<controlfield tag="008">920725s1900    sp    a             spa  </controlfield>
		<datafield tag="016" ind1="7" ind2=" ">
			<subfield code="a">bimoBNE19993618042</subfield>
			<subfield code="2">SpMaBN</subfield>
			<subfield code="z">IND9200521773</subfield>
			<subfield code="2">SpMaBN</subfield>
		</datafield>
		<datafield tag="035" ind1=" " ind2=" ">
			<subfield code="a">(OCoLC)433822534</subfield>
		</datafield>
		<datafield tag="040" ind1=" " ind2=" ">
			<subfield code="a">SpMaBN</subfield>
			<subfield code="b">spa</subfield>
			<subfield code="c">A2</subfield>
			<subfield code="d">SpMaBN</subfield>
			<subfield code="e">rdc</subfield>
		</datafield>
		<datafield tag="080" ind1=" " ind2=" ">
			<subfield code="a">913(460)</subfield>
		</datafield>
		<datafield tag="100" ind1="1" ind2=" ">
			<subfield code="a">López, Nicolás María</subfield>
			<subfield code="d">1863-1936</subfield>
		</datafield>
		<datafield tag="245" ind1="1" ind2="0">
			<subfield code="a">En Sierra Nevada</subfield>
			<subfield code="h">[Texto impreso]</subfield>
			<subfield code="b">: crónica</subfield>
			<subfield code="c">Nicolás María López</subfield>
		</datafield>
		<datafield tag="250" ind1=" " ind2=" ">
			<subfield code="a">2ª ed. con fotograbados</subfield>
		</datafield>
		<datafield tag="260" ind1=" " ind2=" ">
			<subfield code="a">[S.l.]</subfield>
			<subfield code="b">[s.n.]</subfield>
			<subfield code="c">1900</subfield>
			<subfield code="e">Granada</subfield>
			<subfield code="f">Tip. Lit. Vda. e Hijos de Sabatel</subfield>
		</datafield>
		<datafield tag="300" ind1=" " ind2=" ">
			<subfield code="a">172 p.</subfield>
			<subfield code="b">il.</subfield>
			<subfield code="c">16 cm</subfield>
		</datafield>
		<datafield tag="651" ind1=" " ind2="7">
			<subfield code="a">Sierra Nevada (España)</subfield>
			<subfield code="x">Descripción</subfield>
			<subfield code="2">embne</subfield>
		</datafield>
		<datafield tag="856" ind1="4" ind2="1">
			<subfield code="u">http://bdh-rd.bne.es/viewer.vm?id=0000090422&amp;page=1</subfield>
			<subfield code="y">Biblioteca Digital Hispánica</subfield>
		</datafield>
		<datafield tag="956" ind1=" " ind2=" ">
			<subfield code="a">1</subfield>
		</datafield>
		<datafield tag="980" ind1=" " ind2=" ">
			<subfield code=".">852. 40</subfield>
			<subfield code="a">M-BN</subfield>
			<subfield code="b">BNMADRID</subfield>
			<subfield code="9">MO00095321</subfield>
			<subfield code="j">7/10367</subfield>
			<subfield code="z">Con un autografo del autor</subfield>
			<subfield code="x">DG </subfield>
			<subfield code="x">L082658</subfield>
			<subfield code="c">SG_RECOLET</subfield>
		</datafield>
		<datafield tag="980" ind1=" " ind2=" ">
			<subfield code=".">563.   </subfield>
			<subfield code="a">Pasta, conservando la original en rústica</subfield>
			<subfield code=".">852. 40</subfield>
			<subfield code="a">M-BN</subfield>
			<subfield code="b">BNMADRID</subfield>
			<subfield code="j">1/9448</subfield>
			<subfield code="x">DG</subfield>
			<subfield code="c">SG_RECOLET</subfield>
			<subfield code="x">L082659</subfield>
		</datafield>
		<datafield tag="899" ind1=" " ind2=" ">
			<subfield code="x">dig viajes</subfield>
			<subfield code="j">1/9448</subfield>
		</datafield>
	</record>