
	<record>
		<leader>01125ctm a2200253   4500</leader>
		<controlfield tag="001">a4443292</controlfield>
		<controlfield tag="005">20140226        </controlfield>
		<controlfield tag="008">090310q1881    sp            000 0 spa/ </controlfield>
		<datafield tag="035" ind1=" " ind2=" ">
			<subfield code="a">(OCoLC)740323011</subfield>
		</datafield>
		<datafield tag="040" ind1=" " ind2=" ">
			<subfield code="a">SpMaBN</subfield>
			<subfield code="b">spa</subfield>
			<subfield code="c">SpMaBN</subfield>
			<subfield code="e">rdc</subfield>
		</datafield>
		<datafield tag="100" ind1="1" ind2=" ">
			<subfield code="a">Matheu Aybar, José María</subfield>
		</datafield>
		<datafield tag="245" ind1="1" ind2="0">
			<subfield code="a">De compadre a compadre...</subfield>
			<subfield code="h">[Manuscrito]</subfield>
			<subfield code="b">: proverbio en un acto y en verso. Emp.: Vamos, hombre, ten mal calma (h. 2)... Fin.: va de compadre a compadre (h. 25)</subfield>
			<subfield code="c">original de J[osé María]  M[atheu]  A[ybar] y E[milio] L[ópez] R.</subfield>
		</datafield>
		<datafield tag="260" ind1=" " ind2=" ">
			<subfield code="a">[ca. 1881]</subfield>
		</datafield>
		<datafield tag="300" ind1=" " ind2=" ">
			<subfield code="a">25 h.</subfield>
			<subfield code="c">22 x 15 cm.</subfield>
		</datafield>
		<datafield tag="500" ind1=" " ind2=" ">
			<subfield code="a">Sello del Teatro de Madrid</subfield>
		</datafield>
		<datafield tag="510" ind1="4" ind2=" ">
			<subfield code="a">Paz, Teatro (2ª ed.)</subfield>
			<subfield code="c">n. 5907</subfield>
		</datafield>
		<datafield tag="529" ind1="0" ind2="0">
			<subfield code="a">Vamos, hombre, ten mal calma (h. 2)... va de compadre a compadre (h. 25)</subfield>
		</datafield>
		<datafield tag="594" ind1=" " ind2=" ">
			<subfield code="a">Al final, firmas de José María Matheu y Emilio López</subfield>
		</datafield>
		<datafield tag="596" ind1=" " ind2=" ">
			<subfield code="a">Fecha tomada de Rodríguez Sánchez, Tomás, Catálogo de dramaturgos españoles del siglo XIX</subfield>
		</datafield>
		<datafield tag="655" ind1="7" ind2="7">
			<subfield code="a">Teatro</subfield>
			<subfield code="2">tgfbne</subfield>
		</datafield>
		<datafield tag="700" ind1="1" ind2=" ">
			<subfield code="a">López R., Emilio</subfield>
		</datafield>
		<datafield tag="856" ind1="4" ind2="1">
			<subfield code="u">http://bdh-rd.bne.es/viewer.vm?id=0000130543&amp;page=1</subfield>
			<subfield code="y">Biblioteca Digital Hispánica</subfield>
		</datafield>
		<datafield tag="956" ind1=" " ind2=" ">
			<subfield code="a">1</subfield>
		</datafield>
		<datafield tag="899" ind1=" " ind2=" ">
			<subfield code="x">Mnemosine</subfield>
		</datafield>
	</record>