
	<record>
		<leader>01768ncm a22003131  4500</leader>
		<controlfield tag="001">bipa0000071509</controlfield>
		<controlfield tag="005">20140227        </controlfield>
		<controlfield tag="008">011112s1877    sp sgg //      n    spa/ </controlfield>
		<datafield tag="015" ind1=" " ind2=" ">
			<subfield code="a">CCIM</subfield>
		</datafield>
		<datafield tag="016" ind1="7" ind2=" ">
			<subfield code="a">bipaBNE20030122814</subfield>
			<subfield code="z">PARBI01009203</subfield>
			<subfield code="2">SpMaBN</subfield>
		</datafield>
		<datafield tag="028" ind1="2" ind2="1">
			<subfield code="a">R. M. 5059</subfield>
		</datafield>
		<datafield tag="035" ind1=" " ind2=" ">
			<subfield code="a">(OCoLC)435776432</subfield>
		</datafield>
		<datafield tag="040" ind1=" " ind2=" ">
			<subfield code="a">SpMaBN</subfield>
			<subfield code="b">spa</subfield>
			<subfield code="c">SpMaBN</subfield>
			<subfield code="e">rdc</subfield>
		</datafield>
		<datafield tag="084" ind1=" " ind2=" ">
			<subfield code="a">3.1</subfield>
		</datafield>
		<datafield tag="100" ind1="1" ind2=" ">
			<subfield code="a">Taboada, Rafael</subfield>
			<subfield code="d">1837-1914</subfield>
		</datafield>
		<datafield tag="240" ind1="1" ind2="3">
			<subfield code="a">La última carta</subfield>
		</datafield>
		<datafield tag="245" ind1="1" ind2="3">
			<subfield code="a">La última carta--</subfield>
			<subfield code="h">[Música notada]</subfield>
			<subfield code="b"> : recitado con acompañamiento de piano</subfield>
			<subfield code="c">poesía de D. José M. Matheu ; música de D. Rafael Taboada</subfield>
		</datafield>
		<datafield tag="260" ind1="0" ind2=" ">
			<subfield code="a">Madrid (Calle Preciados, 1)</subfield>
			<subfield code="b">Romero y Marzo</subfield>
			<subfield code="c">[1877]</subfield>
			<subfield code="e">Madrid</subfield>
			<subfield code="f">Calcogr. de S. Mascardó</subfield>
		</datafield>
		<datafield tag="300" ind1=" " ind2=" ">
			<subfield code="a">1 partitura abreviada (3 p.)</subfield>
			<subfield code="c">36 cm</subfield>
		</datafield>
		<datafield tag="500" ind1=" " ind2=" ">
			<subfield code="a">Nº 3862 de La música en el Boletín de la Propiedad Intelectual, Biblioteca Nacional, 1997</subfield>
		</datafield>
		<datafield tag="500" ind1=" " ind2=" ">
			<subfield code="a">Ded.: &quot;A mi distinguida amiga y discípula la Sta. Dª. Ángela Crespo y Albit&quot;</subfield>
		</datafield>
		<datafield tag="596" ind1=" " ind2=" ">
			<subfield code="a">Fecha de publicación tomada de La edición musical española hasta 1936, 1995</subfield>
		</datafield>
		<datafield tag="650" ind1=" " ind2="7">
			<subfield code="a">Canciones con piano</subfield>
			<subfield code="2">embne</subfield>
		</datafield>
		<datafield tag="700" ind1="1" ind2=" ">
			<subfield code="a">Matheu Aybar, José María</subfield>
		</datafield>
		<datafield tag="856" ind1="4" ind2="1">
			<subfield code="u">http://bdh-rd.bne.es/viewer.vm?id=0000121183&amp;page=1</subfield>
			<subfield code="y">Biblioteca Digital Hispánica</subfield>
		</datafield>
		<datafield tag="899" ind1=" " ind2=" ">
			<subfield code="j">MP/1401/21</subfield>
			<subfield code="x">dig78dig</subfield>
		</datafield>
		<datafield tag="956" ind1=" " ind2=" ">
			<subfield code="a">1</subfield>
		</datafield>
		<datafield tag="980" ind1=" " ind2=" ">
			<subfield code=".">561.   </subfield>
			<subfield code="a">Proc. Registro Propiedad Intelectual</subfield>
			<subfield code=".">852. 40</subfield>
			<subfield code="a">M-BN</subfield>
			<subfield code="b">BNMADRID</subfield>
			<subfield code="9">PA00850689</subfield>
			<subfield code="j">Mp/1401/21</subfield>
			<subfield code="z">Firma y rúbrica ms. de Romero y Marzo</subfield>
			<subfield code="z">Anotaciones mss. de entrada en el Registro de la Prop. Intel. (19 marzo 1878)</subfield>
			<subfield code="x">MU</subfield>
			<subfield code="c">SALA_BARBI</subfield>
		</datafield>
		<datafield tag="980" ind1=" " ind2=" ">
			<subfield code=".">843.   </subfield>
			<subfield code="a">Microfilme</subfield>
			<subfield code="b">Madrid</subfield>
			<subfield code="c">Biblioteca Nacional</subfield>
			<subfield code="e">1 carrete de microfilme (99 fotogramas)</subfield>
			<subfield code=".">852. 40</subfield>
			<subfield code="a">M-BN</subfield>
			<subfield code="b">BNMADRID</subfield>
			<subfield code="j">Mmicro/943</subfield>
			<subfield code="z">la sig. Mp/1401/63 tiene otro micro en el nº 1334 y la sig. Mp/1401/73 tiene otro micro en el nº 4140</subfield>
			<subfield code="c">SALA_BARBI</subfield>
		</datafield>
	</record>