
	<record>
		<leader>02189njm a2200433   4500</leader>
		<controlfield tag="001">biso0000666682</controlfield>
		<controlfield tag="005">20140227        </controlfield>
		<controlfield tag="007">sd dmsennmslue</controlfield>
		<controlfield tag="008">021115s1952    sp bt            1  spa  </controlfield>
		<datafield tag="015" ind1=" " ind2=" ">
			<subfield code="a">SONPZ</subfield>
		</datafield>
		<datafield tag="028" ind1="1" ind2="0">
			<subfield code="a">CLX 2817, CLX 2818, CLX 2819, CLX 2820, CLX 2821, CLX 2122</subfield>
		</datafield>
		<datafield tag="028" ind1="0" ind2="0">
			<subfield code="a">M 15176 a M 15178</subfield>
			<subfield code="b">Regal</subfield>
		</datafield>
		<datafield tag="035" ind1=" " ind2=" ">
			<subfield code="a">(OCoLC)742185623</subfield>
		</datafield>
		<datafield tag="040" ind1=" " ind2=" ">
			<subfield code="a">SpMaBN</subfield>
			<subfield code="b">spa</subfield>
			<subfield code="c">SpMaBN</subfield>
			<subfield code="e">rdc</subfield>
		</datafield>
		<datafield tag="084" ind1=" " ind2=" ">
			<subfield code="a">5</subfield>
			<subfield code="2">MU</subfield>
		</datafield>
		<datafield tag="100" ind1="1" ind2=" ">
			<subfield code="a">Falla, Manuel de</subfield>
			<subfield code="d">1876-1946</subfield>
		</datafield>
		<datafield tag="240" ind1="1" ind2="3">
			<subfield code="a">El amor brujo (ballet)</subfield>
		</datafield>
		<datafield tag="245" ind1="1" ind2="3">
			<subfield code="a">El amor brujo</subfield>
			<subfield code="h">[Grabación sonora] :</subfield>
			<subfield code="b">ballet</subfield>
			<subfield code="c">Martínez Sierra y Falla</subfield>
		</datafield>
		<datafield tag="260" ind1=" " ind2=" ">
			<subfield code="a">Barcelona</subfield>
			<subfield code="b">Compañía del Gramófono Odeón</subfield>
			<subfield code="c">[1952]</subfield>
		</datafield>
		<datafield tag="300" ind1=" " ind2=" ">
			<subfield code="a">3 discos (8 min c/u.)</subfield>
			<subfield code="b">78 rpm</subfield>
			<subfield code="c">30 cm</subfield>
		</datafield>
		<datafield tag="500" ind1=" " ind2=" ">
			<subfield code="a">Etiqueta roja</subfield>
		</datafield>
		<datafield tag="510" ind1="4" ind2=" ">
			<subfield code="a">Incluido en el &quot;Catálogo de discos de 78 rpm en la B.N.&quot;, nº 4326</subfield>
		</datafield>
		<datafield tag="511" ind1="1" ind2=" ">
			<subfield code="a">Orquesta de la Sociedad de Conciertos del Conservatorio, París ; Ana María Iriarte, mezzo-soprano ; dir. Ataúlfo Argenta</subfield>
		</datafield>
		<datafield tag="518" ind1=" " ind2=" ">
			<subfield code="a">Impresionado en el Teatro de los Campos Elíseos</subfield>
		</datafield>
		<datafield tag="533" ind1=" " ind2=" ">
			<subfield code="a">Copia digital de conservación (CD y DAT), 1995-2000</subfield>
		</datafield>
		<datafield tag="596" ind1=" " ind2=" ">
			<subfield code="a">En hojas declaratorias de D.L. &quot;Les Industries Musicales et Electriques Pathé Marconi, 1952&quot;</subfield>
		</datafield>
		<datafield tag="650" ind1=" " ind2="7">
			<subfield code="a">Ballets</subfield>
			<subfield code="2">embne</subfield>
		</datafield>
		<datafield tag="650" ind1=" " ind2="7">
			<subfield code="a">Canciones (Mezzosoprano) con orquesta</subfield>
			<subfield code="2">embne</subfield>
		</datafield>
		<datafield tag="700" ind1="1" ind2=" ">
			<subfield code="a">Martínez Sierra, Gregorio</subfield>
			<subfield code="d">1881-1947</subfield>
		</datafield>
		<datafield tag="700" ind1="1" ind2=" ">
			<subfield code="a">Iriarte, Ana María</subfield>
			<subfield code="d">1927-</subfield>
			<subfield code="e">int.</subfield>
		</datafield>
		<datafield tag="700" ind1="1" ind2=" ">
			<subfield code="a">Argenta, Ataúlfo</subfield>
			<subfield code="d">1913-1958</subfield>
			<subfield code="e">dir.</subfield>
		</datafield>
		<datafield tag="710" ind1="2" ind2=" ">
			<subfield code="a">Orchestre de la Société de Concerts du Conservatoire National de Musique (París)</subfield>
		</datafield>
		<datafield tag="856" ind1="4" ind2="1">
			<subfield code="u">http://bdh.bne.es/bnesearch/detalle/bdh0000038883</subfield>
			<subfield code="y">Biblioteca Digital Hispánica</subfield>
		</datafield>
		<datafield tag="956" ind1=" " ind2=" ">
			<subfield code="a">1</subfield>
		</datafield>
		<datafield tag="980" ind1=" " ind2=" ">
			<subfield code=".">852. 40</subfield>
			<subfield code="a">M-BN</subfield>
			<subfield code="b">BNMADRID</subfield>
			<subfield code="9">DD00298149</subfield>
			<subfield code="j">Ds/261/1-Ds/261/2</subfield>
			<subfield code="x">MU</subfield>
			<subfield code="c">SALA_BARBI</subfield>
			<subfield code=".">853. 20</subfield>
			<subfield code="8">001</subfield>
			<subfield code="a">v.</subfield>
			<subfield code=".">863. 43</subfield>
			<subfield code="8">1.1</subfield>
			<subfield code="a">1</subfield>
			<subfield code=".">863. 43</subfield>
			<subfield code="8">1.2</subfield>
			<subfield code="a">2</subfield>
			<subfield code=".">866.  0</subfield>
			<subfield code="8">0</subfield>
			<subfield code="a">3 discos de pizarra</subfield>
		</datafield>
		<datafield tag="980" ind1=" " ind2=" ">
			<subfield code=".">852. 40</subfield>
			<subfield code="a">M-BN</subfield>
			<subfield code="b">BNMADRID</subfield>
			<subfield code="9">DD00298149</subfield>
			<subfield code="j">Ds/288/4</subfield>
			<subfield code="x">MU</subfield>
			<subfield code="c">SALA_BARBI</subfield>
		</datafield>
		<datafield tag="980" ind1=" " ind2=" ">
			<subfield code=".">843.   </subfield>
			<subfield code="a">Disco compacto</subfield>
			<subfield code="b">Sevilla</subfield>
			<subfield code="c">Fonotrón</subfield>
			<subfield code="d">2001</subfield>
			<subfield code="e">1 disco cd; 12 cm</subfield>
			<subfield code=".">852. 40</subfield>
			<subfield code="a">M-BN</subfield>
			<subfield code="b">BNMADRID</subfield>
			<subfield code="j">Soncd/525(17-22)</subfield>
			<subfield code="z">Reproducción de las obras del &quot;Cat. 78 rpm en la BN&quot;: Nº 4319-4326</subfield>
			<subfield code="x">MU</subfield>
			<subfield code="c">SALA_BARBI</subfield>
		</datafield>
		<datafield tag="899" ind1=" " ind2=" ">
			<subfield code="j">Ds/261/1-Ds/261/2</subfield>
			<subfield code="x">dig78dig</subfield>
		</datafield>
		<datafield tag="899" ind1=" " ind2=" ">
			<subfield code="j">DS/288/4</subfield>
			<subfield code="x">dig78dig</subfield>
		</datafield>
	</record>