
	<record>
		<leader>01752nji a2200433   4500</leader>
		<controlfield tag="001">biso0000737417</controlfield>
		<controlfield tag="005">20140227        </controlfield>
		<controlfield tag="007">sd dmsennmslub</controlfield>
		<controlfield tag="008">050406q1942    sp op            1       </controlfield>
		<datafield tag="015" ind1=" " ind2=" ">
			<subfield code="a">SONPZ</subfield>
			<subfield code="a">SON5</subfield>
		</datafield>
		<datafield tag="016" ind1="7" ind2=" ">
			<subfield code="a">bisoBNE20050059217</subfield>
			<subfield code="2">SpMaBN</subfield>
		</datafield>
		<datafield tag="028" ind1=" " ind2="0">
			<subfield code="a">KX 268, KX 269</subfield>
		</datafield>
		<datafield tag="028" ind1=" " ind2="0">
			<subfield code="a">AG 8020</subfield>
			<subfield code="b">Columbia, Notas Mágicas</subfield>
		</datafield>
		<datafield tag="035" ind1=" " ind2=" ">
			<subfield code="a">(OCoLC)431309351</subfield>
		</datafield>
		<datafield tag="040" ind1=" " ind2=" ">
			<subfield code="a">SpMaBN</subfield>
			<subfield code="b">spa</subfield>
			<subfield code="c">SpMaBN</subfield>
			<subfield code="e">rdc</subfield>
		</datafield>
		<datafield tag="084" ind1=" " ind2=" ">
			<subfield code="a">5</subfield>
			<subfield code="2">MU</subfield>
		</datafield>
		<datafield tag="084" ind1=" " ind2=" ">
			<subfield code="a">2.2</subfield>
			<subfield code="2">MU</subfield>
		</datafield>
		<datafield tag="100" ind1="1" ind2=" ">
			<subfield code="a">Usandizaga, José María</subfield>
			<subfield code="d">1887-1915</subfield>
		</datafield>
		<datafield tag="240" ind1="1" ind2="4">
			<subfield code="a">Las golondrinas.</subfield>
			<subfield code="p">Colombina, Colombina</subfield>
			<subfield code="o">arr.</subfield>
		</datafield>
		<datafield tag="245" ind1="1" ind2="4">
			<subfield code="a">Las golondrinas</subfield>
			<subfield code="p">Pantomima]</subfield>
			<subfield code="c">J.M. Usandizaga</subfield>
		</datafield>
		<datafield tag="260" ind1=" " ind2=" ">
			<subfield code="a">[San Sebastián</subfield>
			<subfield code="b">Fábrica de Discos Columbia</subfield>
			<subfield code="c">ca. 1942]</subfield>
		</datafield>
		<datafield tag="300" ind1=" " ind2=" ">
			<subfield code="a">1 disco (8 min)</subfield>
			<subfield code="b">78 rpm</subfield>
			<subfield code="c">30 cm</subfield>
		</datafield>
		<datafield tag="336" ind1=" " ind2=" ">
			<subfield code="a">Música (interpretada)</subfield>
			<subfield code="2">isbdcontent</subfield>
		</datafield>
		<datafield tag="337" ind1=" " ind2=" ">
			<subfield code="a">audio</subfield>
			<subfield code="2">isbdmedia</subfield>
		</datafield>
		<datafield tag="500" ind1=" " ind2=" ">
			<subfield code="a">Etiqueta verde</subfield>
		</datafield>
		<datafield tag="510" ind1="4" ind2=" ">
			<subfield code="a">Catálogo general de discos &quot;Columbia&quot; publicados hasta mayo de 1942</subfield>
			<subfield code="c">p. 76</subfield>
		</datafield>
		<datafield tag="511" ind1="1" ind2=" ">
			<subfield code="a">Orquesta Sinfónica de Madrid y Sr. Gandía, solista violonchelo ; director, E.F. Arbós (cara A) -- Orquesta Sinfónica de Madrid ; director, E.F. Arbós (cara B)</subfield>
		</datafield>
		<datafield tag="594" ind1=" " ind2=" ">
			<subfield code="a">Libreto de Gregorio Martínez Sierra</subfield>
		</datafield>
		<datafield tag="596" ind1=" " ind2="1">
			<subfield code="a">Datos de publicación basados en catálogo</subfield>
		</datafield>
		<datafield tag="650" ind1=" " ind2="7">
			<subfield code="a">Óperas</subfield>
			<subfield code="x">Fragmentos</subfield>
			<subfield code="x">Arreglos</subfield>
			<subfield code="2">embne</subfield>
		</datafield>
		<datafield tag="650" ind1=" " ind2="7">
			<subfield code="a">Música orquestal</subfield>
			<subfield code="x">Arreglos</subfield>
			<subfield code="2">embne</subfield>
		</datafield>
		<datafield tag="700" ind1="1" ind2=" ">
			<subfield code="a">Martínez Sierra, Gregorio</subfield>
			<subfield code="d">1881-1947</subfield>
		</datafield>
		<datafield tag="700" ind1="1" ind2=" ">
			<subfield code="a">Fernández Arbós, Enrique</subfield>
			<subfield code="d">1863-1939</subfield>
			<subfield code="e">dir.</subfield>
		</datafield>
		<datafield tag="700" ind1="1" ind2=" ">
			<subfield code="a">Gandía</subfield>
			<subfield code="c">músico</subfield>
			<subfield code="e">int.</subfield>
		</datafield>
		<datafield tag="710" ind1="2" ind2=" ">
			<subfield code="a">Orquesta Sinfónica de Madrid</subfield>
		</datafield>
		<datafield tag="856" ind1="4" ind2="1">
			<subfield code="u">http://bdh.bne.es/bnesearch/detalle/bdh0000062179</subfield>
			<subfield code="y">Biblioteca Digital Hispánica</subfield>
		</datafield>
		<datafield tag="956" ind1=" " ind2=" ">
			<subfield code="a">1</subfield>
		</datafield>
		<datafield tag="980" ind1=" " ind2=" ">
			<subfield code=".">852. 40</subfield>
			<subfield code="a">M-BN</subfield>
			<subfield code="b">BNMADRID</subfield>
			<subfield code="9">DD00296903</subfield>
			<subfield code="j">Ds/9554/12</subfield>
			<subfield code="x">MU</subfield>
			<subfield code="c">SALA_BARBI</subfield>
		</datafield>
		<datafield tag="899" ind1=" " ind2=" ">
			<subfield code="j">DS/9554/12</subfield>
		</datafield>
	</record>