
	<record>
		<leader>01913nji a2200445   4500</leader>
		<controlfield tag="001">biso0000737404</controlfield>
		<controlfield tag="005">20140227        </controlfield>
		<controlfield tag="007">sd dmsennmslub</controlfield>
		<controlfield tag="008">050406q1929    sp op            1       </controlfield>
		<datafield tag="015" ind1=" " ind2=" ">
			<subfield code="a">SONPZ</subfield>
			<subfield code="a">SON5</subfield>
		</datafield>
		<datafield tag="028" ind1="1" ind2="0">
			<subfield code="a">CJ 1317, CJ 1318</subfield>
		</datafield>
		<datafield tag="028" ind1="1" ind2="0">
			<subfield code="a">060127, 060128</subfield>
		</datafield>
		<datafield tag="028" ind1="0" ind2="0">
			<subfield code="a">AB 338</subfield>
			<subfield code="b">Disco Gramófono</subfield>
		</datafield>
		<datafield tag="035" ind1=" " ind2=" ">
			<subfield code="a">(OCoLC)431309234</subfield>
		</datafield>
		<datafield tag="040" ind1=" " ind2=" ">
			<subfield code="a">SpMaBN</subfield>
			<subfield code="b">spa</subfield>
		</datafield>
		<datafield tag="084" ind1=" " ind2=" ">
			<subfield code="a">5</subfield>
			<subfield code="2">MU</subfield>
		</datafield>
		<datafield tag="084" ind1=" " ind2=" ">
			<subfield code="a">2.2</subfield>
			<subfield code="2">MU</subfield>
		</datafield>
		<datafield tag="100" ind1="1" ind2=" ">
			<subfield code="a">Usandizaga, José María</subfield>
			<subfield code="d">1887-1915</subfield>
		</datafield>
		<datafield tag="240" ind1="1" ind2="4">
			<subfield code="a">Las golondrinas.</subfield>
			<subfield code="p">Colombina, Colombina</subfield>
			<subfield code="o">arr.</subfield>
		</datafield>
		<datafield tag="245" ind1="1" ind2="4">
			<subfield code="a">Las golondrinas.</subfield>
			<subfield code="p">Pantomima :</subfield>
			<subfield code="b">I [y] II parte</subfield>
			<subfield code="c">Usandizaga</subfield>
		</datafield>
		<datafield tag="260" ind1=" " ind2=" ">
			<subfield code="a">Barcelona</subfield>
			<subfield code="b">fabaricado por la Compañía del Gramófono, S.A.E.</subfield>
			<subfield code="c">[ca. 1929]</subfield>
		</datafield>
		<datafield tag="300" ind1=" " ind2=" ">
			<subfield code="a">1 disco (8 min)</subfield>
			<subfield code="b">78 rpm</subfield>
			<subfield code="c">30 cm</subfield>
		</datafield>
		<datafield tag="500" ind1=" " ind2=" ">
			<subfield code="a">Etiqueta negra con logo de &quot;La Voz de su Amo&quot; en color</subfield>
		</datafield>
		<datafield tag="500" ind1=" " ind2=" ">
			<subfield code="a">En etiqueta: &quot;Banda&quot;</subfield>
		</datafield>
		<datafield tag="510" ind1="4" ind2=" ">
			<subfield code="a">Catálogo general de discos marca &quot;La Voz de su Amo&quot;, enero 1929</subfield>
			<subfield code="c">p. 136</subfield>
		</datafield>
		<datafield tag="511" ind1="1" ind2=" ">
			<subfield code="a">Banda Municipal de Barcelona bajo la dirección del maestro Lamote de Grignon</subfield>
		</datafield>
		<datafield tag="518" ind1=" " ind2=" ">
			<subfield code="a">Impresionado en el Palau de la Música Catalana</subfield>
		</datafield>
		<datafield tag="594" ind1=" " ind2=" ">
			<subfield code="a">Libreto de Gregorio Martínez Sierra</subfield>
		</datafield>
		<datafield tag="596" ind1=" " ind2="1">
			<subfield code="a">Fecha de publicación basada en catálogo</subfield>
		</datafield>
		<datafield tag="650" ind1=" " ind2="7">
			<subfield code="a">Óperas</subfield>
			<subfield code="x">Fragmentos</subfield>
			<subfield code="x">Arreglos </subfield>
			<subfield code="2">embne</subfield>
		</datafield>
		<datafield tag="650" ind1=" " ind2="7">
			<subfield code="a">Música para banda</subfield>
			<subfield code="x">Arreglos </subfield>
			<subfield code="2">embne</subfield>
		</datafield>
		<datafield tag="700" ind1="1" ind2="2">
			<subfield code="a">Martínez Sierra, Gregorio</subfield>
			<subfield code="d">1881-1947</subfield>
		</datafield>
		<datafield tag="700" ind1="1" ind2=" ">
			<subfield code="a">Lamote de Grignon, Joan</subfield>
			<subfield code="d">1872-1949</subfield>
			<subfield code="e">dir.</subfield>
		</datafield>
		<datafield tag="710" ind1="2" ind2=" ">
			<subfield code="a">Banda Municipal (Barcelona)</subfield>
		</datafield>
		<datafield tag="856" ind1="4" ind2="1">
			<subfield code="u">http://bdh.bne.es/bnesearch/detalle/bdh0000062177</subfield>
			<subfield code="y">Biblioteca Digital Hispánica</subfield>
		</datafield>
		<datafield tag="956" ind1=" " ind2=" ">
			<subfield code="a">1</subfield>
		</datafield>
		<datafield tag="980" ind1=" " ind2=" ">
			<subfield code=".">541.   </subfield>
			<subfield code="a">Donativo de Antonia Mercé</subfield>
			<subfield code=".">852. 40</subfield>
			<subfield code="a">M-BN</subfield>
			<subfield code="b">BNMADRID</subfield>
			<subfield code="c">SALA_BARBI</subfield>
			<subfield code="j">DS/15574/14</subfield>
			<subfield code="z">Timbres: “Cª. del Gramófono S.A.E. Pagados los Derechos de Reproducción Fonográfica. Pts. 13’50”</subfield>
		</datafield>
		<datafield tag="980" ind1=" " ind2=" ">
			<subfield code=".">852. 40</subfield>
			<subfield code="a">M-BN</subfield>
			<subfield code="b">BNMADRID</subfield>
			<subfield code="9">DD00296847</subfield>
			<subfield code="j">Ds/9554/9</subfield>
			<subfield code="x">MU</subfield>
			<subfield code="c">SALA_BARBI</subfield>
		</datafield>
		<datafield tag="899" ind1=" " ind2=" ">
			<subfield code="j">DS/9554/9</subfield>
		</datafield>
		<datafield tag="899" ind1=" " ind2=" ">
			<subfield code="j">DS/15574/14</subfield>
		</datafield>
	</record>