
	<record>
		<leader>01282ncm a22002771  4500</leader>
		<controlfield tag="001">bipa0000121100</controlfield>
		<controlfield tag="005">20140227        </controlfield>
		<controlfield tag="008">060814q1913    sp tlc //      n    spa/ </controlfield>
		<datafield tag="015" ind1=" " ind2=" ">
			<subfield code="a">CCIM2</subfield>
			<subfield code="a">TLp</subfield>
		</datafield>
		<datafield tag="016" ind1="7" ind2=" ">
			<subfield code="a">bipaBNE20060112026</subfield>
			<subfield code="2">SpMaBN</subfield>
		</datafield>
		<datafield tag="028" ind1="3" ind2="1">
			<subfield code="a">192</subfield>
		</datafield>
		<datafield tag="035" ind1=" " ind2=" ">
			<subfield code="a">(OCoLC)435883088</subfield>
		</datafield>
		<datafield tag="040" ind1=" " ind2=" ">
			<subfield code="a">SpMaBN</subfield>
			<subfield code="b">spa</subfield>
			<subfield code="c">SpMaBN</subfield>
			<subfield code="e">rdc</subfield>
		</datafield>
		<datafield tag="084" ind1=" " ind2=" ">
			<subfield code="a">5</subfield>
		</datafield>
		<datafield tag="100" ind1="1" ind2=" ">
			<subfield code="a">Lleó, Vicente</subfield>
			<subfield code="d">1870-1922</subfield>
		</datafield>
		<datafield tag="240" ind1="1" ind2="0">
			<subfield code="a">La tirana.</subfield>
			<subfield code="n">N. 7,</subfield>
			<subfield code="p">Estoy tan sola en el mundo</subfield>
			<subfield code="s">. Partitura vocal</subfield>
		</datafield>
		<datafield tag="245" ind1="1" ind2="3">
			<subfield code="a">La tirana</subfield>
			<subfield code="n">N. 7</subfield>
			<subfield code="p">Dúo de Lucía y Fernando</subfield>
			<subfield code="h">[Música notada]</subfield>
			<subfield code="b"> : zarzuela en dos actos</subfield>
			<subfield code="c">letra de G. Martínez Sierra ; música de Vicente Lleó</subfield>
		</datafield>
		<datafield tag="260" ind1="0" ind2=" ">
			<subfield code="a">[Madrid] (Ventura de la Vega, 3)</subfield>
			<subfield code="b">R. Rodríguez</subfield>
			<subfield code="c">[ca. 1913]</subfield>
		</datafield>
		<datafield tag="300" ind1=" " ind2=" ">
			<subfield code="a">1 partitura vocal (7 p.)</subfield>
			<subfield code="c">34 cm</subfield>
		</datafield>
		<datafield tag="596" ind1=" " ind2=" ">
			<subfield code="a">Fecha de publicación basada en el año del estreno de la zarzuela</subfield>
		</datafield>
		<datafield tag="650" ind1=" " ind2="7">
			<subfield code="a">Zarzuelas</subfield>
			<subfield code="x">Fragmentos</subfield>
			<subfield code="v">Partituras vocales</subfield>
			<subfield code="2">embne</subfield>
		</datafield>
		<datafield tag="700" ind1="1" ind2=" ">
			<subfield code="a">Martínez Sierra, Gregorio</subfield>
			<subfield code="d">1881-1947</subfield>
		</datafield>
		<datafield tag="856" ind1="4" ind2="1">
			<subfield code="u">http://bdh-rd.bne.es/viewer.vm?id=0000127248&amp;page=1</subfield>
			<subfield code="y">Biblioteca Digital Hispánica</subfield>
		</datafield>
		<datafield tag="899" ind1=" " ind2=" ">
			<subfield code="j">MP/4577/24</subfield>
			<subfield code="x">dig78dig</subfield>
		</datafield>
		<datafield tag="956" ind1=" " ind2=" ">
			<subfield code="a">1</subfield>
		</datafield>
		<datafield tag="980" ind1=" " ind2=" ">
			<subfield code=".">541.   </subfield>
			<subfield code="c">Adquirido a</subfield>
			<subfield code="a">Archivos Hispánicos (María Belén García)</subfield>
			<subfield code="b">Madrid </subfield>
			<subfield code="d">30 de abril de 2002</subfield>
			<subfield code=".">852. 40</subfield>
			<subfield code="a">M-BN</subfield>
			<subfield code="b">BNMADRID</subfield>
			<subfield code="9">PA00105663</subfield>
			<subfield code="j">Mp/4577/24</subfield>
			<subfield code="q">Ejemplar sin cubierta</subfield>
			<subfield code="x">MU </subfield>
			<subfield code="c">SALA_BARBI</subfield>
		</datafield>
	</record>