
	<record>
		<leader>01052nam a2200229 b 4500</leader>
		<controlfield tag="001">bimo0001640205</controlfield>
		<controlfield tag="005">20140224        </controlfield>
		<controlfield tag="008">890621s1888    sp                  spa d</controlfield>
		<datafield tag="016" ind1="7" ind2=" ">
			<subfield code="a">bimoBNE20010086677</subfield>
			<subfield code="2">SpMaBN</subfield>
			<subfield code="z">BNPAB00003525</subfield>
			<subfield code="2">SpMaBN</subfield>
		</datafield>
		<datafield tag="035" ind1=" " ind2=" ">
			<subfield code="a">(OCoLC)433629113</subfield>
		</datafield>
		<datafield tag="040" ind1=" " ind2=" ">
			<subfield code="a">SpMaBN</subfield>
			<subfield code="b">spa</subfield>
			<subfield code="c">PAB</subfield>
			<subfield code="d">SpMaBN</subfield>
		</datafield>
		<datafield tag="100" ind1="1" ind2=" ">
			<subfield code="a">Acuña, Rosario de</subfield>
			<subfield code="d">1850-1923</subfield>
		</datafield>
		<datafield tag="245" ind1="1" ind2="0">
			<subfield code="a">Lecturas instructivas para los niños</subfield>
			<subfield code="h">[Texto impreso]</subfield>
			<subfield code="b"> : páginas de la naturaleza ...</subfield>
			<subfield code="c">por Rosario de Acuña</subfield>
		</datafield>
		<datafield tag="260" ind1=" " ind2=" ">
			<subfield code="a">[S.l.]</subfield>
			<subfield code="b">[s.n.]</subfield>
			<subfield code="c">1888</subfield>
			<subfield code="e">Madrid</subfield>
			<subfield code="f">Imp. Romero</subfield>
		</datafield>
		<datafield tag="300" ind1=" " ind2=" ">
			<subfield code="a">69 p.</subfield>
			<subfield code="c">15 cm</subfield>
		</datafield>
		<datafield tag="650" ind1=" " ind2="7">
			<subfield code="a">Insectos</subfield>
			<subfield code="2">embne</subfield>
		</datafield>
		<datafield tag="856" ind1="4" ind2="1">
			<subfield code="u">http://bdh-rd.bne.es/viewer.vm?id=0000101557&amp;page=1</subfield>
			<subfield code="y">Biblioteca Digital Hispánica</subfield>
		</datafield>
		<datafield tag="852" ind1="4" ind2="0">
			<subfield code="a">VC/128/21</subfield>
		</datafield>
		<datafield tag="956" ind1=" " ind2=" ">
			<subfield code="a">1 2</subfield>
		</datafield>
		<datafield tag="980" ind1=" " ind2=" ">
			<subfield code=".">563.   </subfield>
			<subfield code="a">Hol.</subfield>
			<subfield code=".">852. 40</subfield>
			<subfield code="a">M-BN</subfield>
			<subfield code="b">BNMADRID</subfield>
			<subfield code="j">VC/128/21</subfield>
			<subfield code="q">Carece de portada</subfield>
			<subfield code="z">Firma del impresor </subfield>
			<subfield code="c">SG_RECOLET</subfield>
		</datafield>
		<datafield tag="980" ind1=" " ind2=" ">
			<subfield code=".">843.   </subfield>
			<subfield code="a">Microfilme</subfield>
			<subfield code="b">Madrid</subfield>
			<subfield code="c">Biblioteca Nacional</subfield>
			<subfield code="d">2005</subfield>
			<subfield code="e">1 carrete de microfilme (46 fotogramas) ; 35 mm</subfield>
			<subfield code=".">852. 40</subfield>
			<subfield code="a">M-BN</subfield>
			<subfield code="b">BNALCALA</subfield>
			<subfield code="j">DGmicro/52007</subfield>
			<subfield code="x">DG</subfield>
			<subfield code="c">ALCALA</subfield>
		</datafield>
		<datafield tag="899" ind1=" " ind2=" ">
			<subfield code="x">dig ciencia zoología</subfield>
			<subfield code="j">VC/128/21</subfield>
		</datafield>
	</record>