
	<record>
		<leader>01383ctm a2200313   4500</leader>
		<controlfield tag="001">a4548666</controlfield>
		<controlfield tag="005">20140226        </controlfield>
		<controlfield tag="008">090616s1877    sp            000 d spa/ </controlfield>
		<datafield tag="035" ind1=" " ind2=" ">
			<subfield code="a">(OCoLC)740330891</subfield>
		</datafield>
		<datafield tag="040" ind1=" " ind2=" ">
			<subfield code="a">SpMaBN</subfield>
			<subfield code="b">spa</subfield>
			<subfield code="c">SpMaBN</subfield>
			<subfield code="e">rdc</subfield>
		</datafield>
		<datafield tag="100" ind1="1" ind2=" ">
			<subfield code="a">Acuña, Rosario de</subfield>
			<subfield code="d">1850-1923</subfield>
		</datafield>
		<datafield tag="245" ind1="1" ind2="0">
			<subfield code="a">Amor a la patria</subfield>
			<subfield code="h">[Manuscrito] :</subfield>
			<subfield code="b">drama trágico en un acto, original y en verso. Emp.: Al fin vienes, por Dios, que tu tardanza (h. 5) ... Fin.: que no quiere ser francesa (h. 33v)</subfield>
			<subfield code="c">de Rosario de Acuña de Laiglesia</subfield>
		</datafield>
		<datafield tag="260" ind1=" " ind2=" ">
			<subfield code="a">1877</subfield>
		</datafield>
		<datafield tag="300" ind1=" " ind2=" ">
			<subfield code="a">33 h.</subfield>
			<subfield code="c">22 x 17 cm.</subfield>
		</datafield>
		<datafield tag="500" ind1=" " ind2=" ">
			<subfield code="a">Autógrafo</subfield>
		</datafield>
		<datafield tag="500" ind1=" " ind2=" ">
			<subfield code="a">Texto con correcciones</subfield>
		</datafield>
		<datafield tag="500" ind1=" " ind2=" ">
			<subfield code="a">En portada: Escrito para la Sra. Marín, dedicado a los hijos de Zaragoza y estrenado en dicha población el 27 de noviembre último bajo el pseudónimo de Remigio Andrés Delafón</subfield>
		</datafield>
		<datafield tag="500" ind1=" " ind2=" ">
			<subfield code="a">Dedicatoria de la autora a su abuela, en h. 3</subfield>
		</datafield>
		<datafield tag="500" ind1=" " ind2=" ">
			<subfield code="a">Sello de Eduardo Hidalgo. Editor. Madrid</subfield>
		</datafield>
		<datafield tag="510" ind1="4" ind2=" ">
			<subfield code="a">Paz, Teatro (2ª ed.)</subfield>
			<subfield code="c">n.4733</subfield>
		</datafield>
		<datafield tag="529" ind1="0" ind2="0">
			<subfield code="a">Al fin vienes, por Dios, que tu tardanza (h. 5) ... que no quiere ser francesa (h. 33v)</subfield>
		</datafield>
		<datafield tag="561" ind1=" " ind2=" ">
			<subfield code="a">Manuel Castellano</subfield>
		</datafield>
		<datafield tag="596" ind1=" " ind2=" ">
			<subfield code="a">En portada: Madrid, 1877</subfield>
		</datafield>
		<datafield tag="597" ind1=" " ind2=" ">
			<subfield code="a">En blanco la h. 3v</subfield>
		</datafield>
		<datafield tag="655" ind1=" " ind2="7">
			<subfield code="a">Teatro</subfield>
			<subfield code="2">tgfbne</subfield>
		</datafield>
		<datafield tag="856" ind1="4" ind2="1">
			<subfield code="u">http://bdh-rd.bne.es/viewer.vm?id=0000130532&amp;page=1</subfield>
			<subfield code="y">Biblioteca Digital Hispánica</subfield>
		</datafield>
		<datafield tag="956" ind1=" " ind2=" ">
			<subfield code="a">1</subfield>
		</datafield>
		<datafield tag="899" ind1=" " ind2=" ">
			<subfield code="x">Mnemosine</subfield>
		</datafield>
		<datafield tag="899" ind1=" " ind2=" ">
			<subfield code="J">MSS/14562/20</subfield>
		</datafield>
	</record>
</collection>
